2359 3875
243 454 304 499 rra
421 425 951 500 [Luc-Itum·

240 555 324 618 (Aera
337 556 354 611 si
365 555 458 612 credas
470 558 614 633 privatum
628 558 733 613 lumine
746 556 821 634 posse

237 637 408 712 Endogredi‚
424 652 515 693 motus
525 636 684 703 hominum,
697 638 836 713 gestusque
846 638 1019 711 sequentem.

237 719 310 773 Nam
324 716 396 773 nihil
413 715 464 772 eise
478 718 563 794 potest
577 717 654 774 aliud
667 719 718 773 nisi
732 717 838 774 lumine
850 714 936 773 cassus

237 796 307 860 Aer,
323 796 364 862 id,
379 798 454 874 quod
468 818 518 853 nos
532 798 659 853 umbram
673 796 820 873 perhibere
834 795 968 867 suemus.)

234 879 395 943 Nimirum,
409 879 475 951 quia
490 893 560 933 terra
573 878 641 933 locis
654 898 689 934 ex
699 878 797 934 ordine
809 878 889 934 certis

241 958 362 1013 Lumine
377 958 505 1033 privatur
522 958 596 1023 solis,
612 978 777 1034 quacunque
790 972 913 1015 meantes

235 1037 403 1095 Officinrus:
427 1040 551 1114 repletur
564 1039 643 1104 item,
660 1038 887 1114 quod‘liquinrus
900 1038 972 1115 ejus.

236 1120 384 1195 Propterea
395 1119 436 1185 fit,
453 1118 495 1174 uti
510 1118 648 1184 videatur,
663 1139 723 1192 quae
737 1118 790 1174 suit
800 1119 899 1175 umbra

237 1201 384 1275 Corporis,
401 1200 538 1275 eregione
551 1199 644 1253 eadem
659 1217 708 1254 nos
722 1198 807 1273 usqne
821 1199 922 1254 secuta.

238 1282 353 1355 Semper
365 1280 439 1335 enirn
454 1299 528 1336 nova
542 1279 565 1334 se
578 1279 722 1334 radiorum
736 1280 844 1334 lumina
857 1276 997 1341 fundunt3

167 1400 172 1408 -
237 1361 388 1434 Primaque
401 1360 572 1433 dispereunt,
587 1359 660 1431 quasi
670 1359 700 1414 in
710 1358 802 1434 ignem
817 1360 878 1413 lana
885 1357 1022 1415 trahatur.

237 1442 390 1517 Propterea
402 1440 483 1494 facile
497 1453 523 1493 et
537 1438 671 1513 spoliatur
684 1440 791 1494 sumine
805 1453 891 1495 terra:

238 1522 276 1578 Et
289 1522 413 1595 repletur
425 1522 504 1585 item,
520 1518 664 1594 nigrasque
676 1519 724 1573 sibi
737 1519 826 1574 abluit
840 1519 965 1576 umbras.

282 1602 341 1656 Nec
352 1616 442 1655 tamen
454 1598 501 1653 hic
516 1600 613 1655 oculos
626 1597 684 1655 salli
699 1597 879 1655 concedimus
892 1596 996 1655 hilum.

237 1682 327 1746 Nam,
342 1698 509 1752 quocunque
520 1681 579 1734 loco
594 1679 625 1733 fit
639 1681 699 1741 lux,
710 1693 793 1753 atque
806 1678 917 1745 umbra,
933 1678 1006 1735 tueri

239 1762 357 1817 Iliorum
370 1758 417 1827 est,
432 1758 526 1814 eadem
536 1778 602 1815 vero
615 1758 666 1815 snt
679 1759 797 1826 lumina,
814 1776 918 1826 necne3

239 1842 413 1916 Umbraque‚
430 1858 490 1914 qnae
499 1838 553 1895 suit
565 1838 620 1905 hic,
633 1838 726 1895 cadem
736 1859 804 1897 num
814 1838 1022 1905 transtatilluc3

238 1921 288 1978 Au
301 1923 397 1998 potius
412 1921 469 1987 fiat,
484 1921 581 1996 paullo
591 1920 667 1996 quod
682 1919 807 1978 diximus
821 1935 913 1976 antec·

238 2003 301 2060 Hoc
314 2002 401 2058 animi
414 2001 527 2057 demum
543 2002 614 2057 ratio
627 2001 778 2057 discemere
791 2001 890 2058 debet:

240 2083 299 2139 Nec
312 2080 425 2158 possunt
437 2081 513 2136 oculi
526 2095 654 2136 naturam
667 2080 775 2136 noscere
788 2100 893 2136 rerum.

239 2163 365 2219 Proinde
377 2160 467 2216 animi
481 2161 584 2216 vitium
599 2159 651 2215 hoc
664 2160 755 2216 oculis
766 2159 908 2236 adfingere
921 2164 1000 2221 noli.

284 2246 352 2320 Qua
365 2240 497 2296 vehimur
509 2241 586 2302 navi,
602 2239 700 2305 fertur,
717 2259 780 2295 cum
796 2239 863 2295 stare
873 2238 1003 2300 videtin:

242 2325 315 2399 Quae
330 2335 425 2376 manet
439 2320 469 2375 in
489 2319 611 2385 statione,
627 2340 658 2375 ea
671 2335 770 2396 prater
782 2321 905 2378 creditur
917 2323 975 2378 ire:

241 2403 279 2459 Et
289 2401 384 2476 sugere
395 2399 430 2455 a'd
444 2399 566 2475 puppim
580 2401 674 2467 colles,
687 2401 839 2476 >campique
852 2401 996 2471 videntur,

242 2483 324 2559 Quos
333 2481 441 2556 agimus
456 2495 553 2555 praeter
566 2481 674 2545 navim,
686 2479 808 2556 velisque
822 2483 960 2540 volamus.
997 2552 1005 2563 ·

283 2561 379 2618 Sidera
391 2559 488 2616 cessare
501 2559 620 2616 aetheriis
633 2559 724 2616 adfixa
737 2560 861 2618 cavernis

242 2641 351 2705 Cunda
363 2641 513 2707 videntum
538 2656 565 2697 at
577 2639 690 2697 adfiduo
701 2641 732 2696 in
746 2641 808 2697 sunt
818 2640 914 2699 omnia
926 2656 1022 2702 motu:

242 2719 481 2800 Quandoquidem
495 2723 593 2795 longos
605 2722 697 2778 obitus
710 2735 805 2777 exorta
817 2723 953 2790 revisunt,

245 2806 320 2860 Cum
334 2801 476 2879 permensa
488 2801 537 2856 suo
547 2801 612 2857 sunt
624 2803 725 2857 coelurn
738 2821 857 2876 corpore
870 2804 961 2860 claro:

245 2884 347 2957 Solque
360 2884 422 2958 pari
433 2881 540 2936 ratione
553 2900 673 2947 manere,
685 2896 711 2936 et
725 2881 806 2937 Luna
819 2880 934 2940 videtur

247 2967 282 3020 In
295 2963 425 3026 statione3
450 2981 480 3016 ea
493 2981 554 3037 quae
567 2960 632 3016 ferri
646 2981 688 3017 res
700 2961 806 3018 indicat
816 2961 888 3037 ipsa.

285 3041 479 3115 Exstantesque
492 3041 591 3116 procul
604 3041 698 3096 medio
710 3041 745 3097 de
758 3042 867 3116 gurgite
880 3058 1000 3114 montes,

245 3122 380 3179 Ciaffibus
392 3122 466 3178 inter
477 3139 546 3196 quos
560 3121 631 3176 liber
643 3136 719 3195 patet
730 3121 832 3185 exitus,
846 3122 923 3180 idem

243 3204 408 3278 Apparent3
432 3216 459 3257 et
472 3202 553 3277 longe
565 3199 664 3257 divolsi
678 3203 753 3267 licet,
765 3201 863 3278 ingens

244 3282 339 3341 Insula
351 3280 501 3358 coujunsiis
516 3296 606 3337 tamen
619 3299 653 3336 ex
666 3278 710 3336 his
723 3301 780 3337 una
794 3281 915 3340 videtur.

286 3363 371 3420 Atria
379 3362 491 3427 versari,
505 3375 531 3419 et
543 3360 760 3419 circumcursare
773 3363 912 3422 columna

932 3444 1026 3521 Usque
