2359 3875
197 428 261 514 148
355 419 395 490 T.
443 402 838 490 nuenarii

196 556 358 620 Intervalla,
375 554 446 615 vias,
460 572 615 619 connexus,
633 554 768 629 pondera,
787 552 894 627 plagas,

195 635 367 697 Concursus,
379 649 473 690 motus
488 634 627 699 turbabat,
645 636 742 709 proesia
757 631 883 697 niiscens,

198 714 479 792 Propterdissimileis
493 713 595 770 formas
608 715 750 788 variasque
765 714 882 788 figuraa;

198 796 288 871 Quod
301 816 359 851 non
373 795 465 850 omnia
479 795 512 849 sic
527 810 655 869 poterant
668 792 813 870 conjunsta
828 809 950 857 manere,

200 878 262 933 Nec
276 890 368 931 motus
382 877 455 931 inter
475 874 525 931 sese
551 874 616 931 dare
626 875 853 931 convenienteis:

202 957 265 1012 Hoc
279 955 338 1011 essa
352 956 432 1011 terris
444 957 534 1011 altum
544 954 681 1011 secernere
693 957 805 1022 coelum,

198 1035 364 1092 Etseotsum
380 1056 453 1091 mare
467 1036 509 1092 uti
523 1036 625 1092 secreto
639 1034 756 1091 humore
770 1051 887 1110 pateret,

120 1135 124 1142 ·
199 1116 310 1174 seorsus
323 1117 390 1173 item
404 1117 482 1191 puri,
499 1116 649 1189 secretique
661 1114 767 1172 aetheris
777 1117 865 1192 ignes.

244 1198 482 1275 Quippe-etenim
493 1198 619 1271 primurn
629 1198 711 1252 terrai
726 1215 844 1271 corpora
854 1218 982 1274 queque,

198 1277 351 1353 Propterea
365 1277 439 1351 quod
452 1292 530 1334 erant
541 1278 647 1353 gravia,
662 1291 690 1331 et
700 1279 833 1352 perplexa
846 1279 980 1347 coibant,

202 1359 237 1413 In
253 1357 402 1432 medioque
416 1359 485 1413 imas
497 1358 645 1431 capiebant
655 1358 748 1411 omnia
760 1356 854 1432 sedes·²

201 1440 274 1514 Quae
288 1455 391 1512 quanto
405 1438 492 1514 magis
507 1440 578 1494 inter
591 1436 617 1491 se
632 1439 764 1512 perplexa
777 1439 903 1505 coibant,

196 1519 271 1574 Tam
285 1519 373 1592 magis
386 1514 539 1593 expressere
550 1536 593 1582 ea,
607 1537 667 1591 qua
680 1536 765 1581 mare,
780 1517 874 1584 sidera,
891 1521 987 1586 solem,

199 1597 367 1671 Lunamque
380 1597 529 1660 efficerent,
542 1611 570 1651 et
584 1597 679 1673 magni
696 1599 797 1661 moenia
811 1601 924 1655 muudi.

200 1676 309 1734 Omnia
323 1678 398 1731 enirn
412 1676 500 1751 magis
513 1675 569 1733 haec
580 1695 595 1730 e
607 1677 723 1732 levibus
737 1692 819 1751 atque
829 1681 959 1737 rotundis

200 1756 369 1822 Seminibus,
386 1759 532 1831 multoque
545 1752 700 1812 minoribu'
716 1756 778 1812 sunt
791 1760 945 1826 elementis,

203 1840 300 1912 Quam
314 1838 408 1892 tellus:
425 1836 489 1892 ideo
503 1856 555 1911 per
568 1857 628 1893 rara
638 1836 775 1892 foramina
790 1853 867 1894 terrae

199 1917 330 1974 Paitibus
344 1936 492 1992 erumpens
506 1916 616 1992 primus
629 1917 654 1972 se
667 1915 773 1973 sustulit
783 1916 867 1975 aether

205 1997 339 2074 Signifer,
355 2013 382 2053 et
395 2000 498 2054 multos
511 1998 602 2053 secum
616 1998 682 2053 levis
694 1997 806 2053 abstulit
819 2001 922 2075 igneis:

200 2081 268 2135 Non
278 2078 330 2133 alia
343 2079 426 2153 longe
439 2080 556 2143 ratione,
573 2098 604 2133 ac
618 2076 686 2153 saepe
698 2076 841 2145 videmus,

202 2161 297 2214 Aurea
310 2179 374 2214 eum
389 2160 513 2232 primum
525 2158 706 2233 gemmanteis
715 2175 775 2212 rore
792 2179 841 2234 per
854 2157 953 2217 herbas

200 2239 342 2295 Matutina
356 2241 458 2294 rubent
466 2237 563 2293 radiati
577 2239 685 2293 lumina
699 2237 775 2302 solis,

201 2316 394 2390 Exhalantque
406 2319 481 2373 lacus
489 2317 630 2383 nebulam,
647 2317 784 2391 fluviique
796 2337 950 2392 perennes:

202 2396 268 2472 Ipsa
281 2415 391 2470 quoque
403 2397 544 2452 interdum
557 2397 638 2453 tellus
650 2396 758 2453 fumare
770 2398 899 2457 videtur:

203 2476 311 2532 Omnia
323 2497 385 2550 qnae
395 2477 501 2532 sursum
515 2496 579 2533 curn
594 2478 782 2537 conciliantur
793 2480 825 2535 in
839 2483 907 2549 alto,

203 2557 331 2632 Corpore
344 2571 475 2613 concreto
489 2558 744 2614 subtexuntnubisa
754 2560 866 2617 coelum.

205 2637 251 2692 Sic
264 2637 351 2712 igitur
365 2653 425 2693 turn
438 2637 462 2692 se
476 2638 557 2704 levis,
572 2658 603 2693 ac
616 2636 743 2693 diffusilis
755 2636 840 2696 aether

204 2718 334 2792 Corpore
343 2732 471 2774 concreto
483 2718 672 2775 circumdatus
681 2716 807 2792 undique
819 2721 904 2798 sepfit·

205 2797 242 2851 Et
256 2800 307 2853 late
317 2796 435 2854 diffusus
449 2797 479 2851 in
490 2799 599 2855 omneis
612 2796 736 2870 undique
749 2803 863 2872 parteis,

207 2877 315 2933 Omnia
327 2877 364 2931 fic
377 2877 462 2932 avido
475 2880 626 2952 complexu
638 2891 733 2932 cetera
747 2878 835 2953 sepfit.

204 2957 291 3012 Hunc
306 2955 491 3013 exordiasunt
503 2956 567 3012 solis
579 2959 707 3030 luneque
720 2955 822 3027 secuta3

205 3037 286 3091 Inter
301 3036 432 3110 utrosque
443 3035 654 3113 globi'quorum
664 3051 812 3096 vertuntur
821 3045 852 3100 in
864 3047 957 3103 auris:

122 3187 126 3194 Ι
204 3117 278 3190 Quae
289 3135 377 3190 neque
385 3131 454 3172 terra
465 3117 513 3173 fibi
522 3116 651 3181 adscivit,
660 3136 749 3191 neque
759 3125 1003 3192 maximusaetbe13

204 3195 298 3271 Quod‘
307 3215 356 3250 nee
370 3213 426 3252 tam
440 3195 545 3252 suerint
557 3197 663 3274 gravia,
676 3211 708 3251 ut
717 3198 838 3274 depressa
850 3205 989 3272 sederent3

204 3277 265 3331 Nec
274 3276 356 3345 leuia,
371 3291 403 3332 ut
417 3275 525 3353 possent
536 3297 587 3353 per
601 3277 721 3333 summas
734 3280 821 3340 labier
833 3306 909 3343 oras:

206 3355 242 3447 Et
257 3370 345 3414 tamen
357 3358 432 3414 inter
444 3358 572 3432 utrosque
583 3360 622 3416 ita
634 3355 707 3426 suut,
723 3373 756 3415 ut
766 3383 885 3444 corpora
897 3368 962 3424 viva

875 3445 992 3504 Versent
