<?xml version="1.0" encoding="UTF-8"?>
<!DOCTYPE html PUBLIC "-//W3C//DTD XHTML 1.0 Transitional//EN"
    "http://www.w3.org/TR/xhtml1/DTD/xhtml1-transitional.dtd">
<html xmlns="http://www.w3.org/1999/xhtml" xml:lang="en" lang="en">
 <head>
  <title>
</title>
<meta http-equiv="Content-Type" content="text/html;charset=utf-8" />
  <meta name='ocr-system' content='tesseract 3.04.00' />
  <meta name='ocr-capabilities' content='ocr_page ocr_carea ocr_par ocr_line ocrx_word'/>
</head>
<body>
  <div class='ocr_page' id='page_1' title='image "./titilucretiicar03carugoog_0154.png"; bbox 0 0 2359 3875; ppageno 0'>
   <div class='ocr_carea' id='block_1_1' title="bbox 201 408 826 501">
    <p class='ocr_par' dir='ltr' id='par_1_1' title="bbox 201 408 826 501">
     <span class='ocr_line' id='line_1_1' title="bbox 201 408 826 501; baseline 0 -21"><span class='ocrx_word' id='word_1_1' title='bbox 201 412 265 501; x_wconf 78' lang='lat'>146</span> <span class='ocrx_word' id='word_1_2' title='bbox 371 408 826 481; x_wconf 67' lang='lat' dir='ltr'>nantaurli</span> 
     </span>
    </p>
   </div>
   <div class='ocr_carea' id='block_1_2' title="bbox 158 544 1031 3500">
    <p class='ocr_par' dir='ltr' id='par_1_2' title="bbox 196 544 880 1021">
     <span class='ocr_line' id='line_1_2' title="bbox 196 544 880 621; baseline -0.001 -21"><span class='ocrx_word' id='word_1_3' title='bbox 196 547 256 601; x_wconf 90' lang='lat' dir='ltr'>Nec</span> <span class='ocrx_word' id='word_1_4' title='bbox 270 564 355 620; x_wconf 88' lang='lat' dir='ltr'>porro</span> <span class='ocrx_word' id='word_1_5' title='bbox 365 561 465 601; x_wconf 86' lang='lat' dir='ltr'>natura</span> <span class='ocrx_word' id='word_1_6' title='bbox 477 545 542 612; x_wconf 79' lang='lat' dir='ltr'>loci,</span> <span class='ocrx_word' id='word_1_7' title='bbox 555 545 732 621; x_wconf 86' lang='lat' dir='ltr'>spatiumque</span> <span class='ocrx_word' id='word_1_8' title='bbox 744 544 880 621; x_wconf 82' lang='lat' dir='ltr'>profundi</span> 
     </span>
     <span class='ocr_line' id='line_1_3' title="bbox 197 625 874 701; baseline -0.001 -21"><span class='ocrx_word' id='word_1_9' title='bbox 197 625 311 689; x_wconf 85' lang='lat' dir='ltr'>Deficit,</span> <span class='ocrx_word' id='word_1_10' title='bbox 326 625 450 701; x_wconf 74' lang='lat' dir='ltr'>exspargi</span> <span class='ocrx_word' id='word_1_11' title='bbox 464 645 519 701; x_wconf 90' lang='lat' dir='ltr'>quo</span> <span class='ocrx_word' id='word_1_12' title='bbox 535 626 636 701; x_wconf 76' lang='lat' dir='ltr'>possint</span> <span class='ocrx_word' id='word_1_13' title='bbox 647 628 750 683; x_wconf 80' lang='lat' dir='ltr'>muenia</span> <span class='ocrx_word' id='word_1_14' title='bbox 761 625 874 690; x_wconf 78' lang='lat' dir='ltr'>mundi,</span> 
     </span>
     <span class='ocr_line' id='line_1_4' title="bbox 197 705 791 783; baseline -0.003 -20"><span class='ocrx_word' id='word_1_15' title='bbox 197 706 260 763; x_wconf 86' lang='lat' dir='ltr'>Aut</span> <span class='ocrx_word' id='word_1_16' title='bbox 269 705 322 760; x_wconf 87' lang='lat' dir='ltr'>alia</span> <span class='ocrx_word' id='word_1_17' title='bbox 334 706 431 779; x_wconf 89' lang='lat' dir='ltr'>quavis</span> <span class='ocrx_word' id='word_1_18' title='bbox 445 705 546 781; x_wconf 80' lang='lat' dir='ltr'>possint</span> <span class='ocrx_word' id='word_1_19' title='bbox 555 706 583 761; x_wconf 92' lang='lat' dir='ltr'>vi</span> <span class='ocrx_word' id='word_1_20' title='bbox 600 706 677 781; x_wconf 89' lang='lat' dir='ltr'>pulsa</span> <span class='ocrx_word' id='word_1_21' title='bbox 690 706 791 783; x_wconf 84' lang='lat' dir='ltr'>perire.</span> 
     </span>
     <span class='ocr_line' id='line_1_5' title="bbox 198 782 825 862; baseline 0.002 -21"><span class='ocrx_word' id='word_1_22' title='bbox 198 784 287 842; x_wconf 83' lang='lat' dir='ltr'>Haud</span> <span class='ocrx_word' id='word_1_23' title='bbox 300 785 387 861; x_wconf 86' lang='lat' dir='ltr'>igitur</span> <span class='ocrx_word' id='word_1_24' title='bbox 400 786 467 842; x_wconf 86' lang='lat' dir='ltr'>lethi</span> <span class='ocrx_word' id='word_1_25' title='bbox 480 782 641 861; x_wconf 83' lang='lat' dir='ltr'>praciusa&#39;st</span> <span class='ocrx_word' id='word_1_26' title='bbox 649 787 735 862; x_wconf 87' lang='lat' dir='ltr'>janua</span> <span class='ocrx_word' id='word_1_27' title='bbox 744 786 825 849; x_wconf 79' lang='lat' dir='ltr'>coelo,</span> 
     </span>
     <span class='ocr_line' id='line_1_6' title="bbox 198 864 878 941; baseline 0 -20"><span class='ocrx_word' id='word_1_28' title='bbox 198 867 259 921; x_wconf 89' lang='lat' dir='ltr'>Nec</span> <span class='ocrx_word' id='word_1_29' title='bbox 272 864 331 931; x_wconf 87' lang='lat' dir='ltr'>soli,</span> <span class='ocrx_word' id='word_1_30' title='bbox 344 881 485 941; x_wconf 81' lang='lat' dir='ltr'>terraeque,</span> <span class='ocrx_word' id='word_1_31' title='bbox 500 886 550 922; x_wconf 88' lang='lat' dir='ltr'>nec</span> <span class='ocrx_word' id='word_1_32' title='bbox 563 866 625 921; x_wconf 83' lang='lat' dir='ltr'>altis</span> <span class='ocrx_word' id='word_1_33' title='bbox 639 867 756 940; x_wconf 83' lang='lat' dir='ltr'>aequoris</span> <span class='ocrx_word' id='word_1_34' title='bbox 770 865 853 922; x_wconf 85' lang='lat' dir='ltr'>undis</span> <span class='ocrx_word' id='word_1_35' title='bbox 862 890 878 930; x_wconf 65' lang='grc' dir='ltr'><strong><em>γ</em></strong></span> 
     </span>
     <span class='ocr_line' id='line_1_7' title="bbox 198 944 857 1021; baseline 0.002 -20"><span class='ocrx_word' id='word_1_36' title='bbox 198 944 251 1001; x_wconf 85' lang='lat' dir='ltr'>Sed</span> <span class='ocrx_word' id='word_1_37' title='bbox 266 959 341 1020; x_wconf 92' lang='lat' dir='ltr'>patet</span> <span class='ocrx_word' id='word_1_38' title='bbox 353 946 484 1012; x_wconf 76' lang='lat' dir='ltr'>immani,</span> <span class='ocrx_word' id='word_1_39' title='bbox 501 962 527 1002; x_wconf 86' lang='lat' dir='ltr'>et</span> <span class='ocrx_word' id='word_1_40' title='bbox 538 945 613 1002; x_wconf 82' lang='lat' dir='ltr'>vasto</span> <span class='ocrx_word' id='word_1_41' title='bbox 625 946 752 1021; x_wconf 79' lang='lat' dir='ltr'>respeslat</span> <span class='ocrx_word' id='word_1_42' title='bbox 765 944 857 1002; x_wconf 89' lang='lat' dir='ltr'>hiatu.</span> 
     </span>
    </p>

    <p class='ocr_par' dir='ltr' id='par_1_3' title="bbox 200 1021 984 1337">
     <span class='ocr_line' id='line_1_8' title="bbox 243 1021 890 1101; baseline 0 -21"><span class='ocrx_word' id='word_1_43' title='bbox 243 1027 339 1101; x_wconf 75' lang='lat' dir='ltr'>Quare</span> <span class='ocrx_word' id='word_1_44' title='bbox 353 1026 437 1083; x_wconf 89' lang='lat' dir='ltr'>ctiam</span> <span class='ocrx_word' id='word_1_45' title='bbox 451 1028 543 1082; x_wconf 88' lang='lat' dir='ltr'>nativa</span> <span class='ocrx_word' id='word_1_46' title='bbox 556 1021 731 1083; x_wconf 81' lang='lat' dir='ltr'>necessum&#39;st-</span> <span class='ocrx_word' id='word_1_47' title='bbox 742 1027 890 1083; x_wconf 83' lang='lat' dir='ltr'>confiteare</span> 
     </span>
     <span class='ocr_line' id='line_1_9' title="bbox 200 1103 984 1182; baseline -0.001 -21"><span class='ocrx_word' id='word_1_48' title='bbox 200 1105 385 1161; x_wconf 80' lang='lat' dir='ltr'>Haceadem:</span> <span class='ocrx_word' id='word_1_49' title='bbox 401 1103 584 1182; x_wconf 75' lang='lat' dir='ltr'>nequeenim,</span> <span class='ocrx_word' id='word_1_50' title='bbox 596 1106 828 1182; x_wconf 86' lang='lat' dir='ltr'>mortalitorpore</span> <span class='ocrx_word' id='word_1_51' title='bbox 837 1126 899 1181; x_wconf 78' lang='lat' dir='ltr'>quae</span> <span class='ocrx_word' id='word_1_52' title='bbox 909 1107 984 1172; x_wconf 88' lang='lat' dir='ltr'>sunt,</span> 
     </span>
     <span class='ocr_line' id='line_1_10' title="bbox 201 1184 847 1263; baseline 0.002 -23"><span class='ocrx_word' id='word_1_53' title='bbox 201 1186 246 1242; x_wconf 87' lang='lat' dir='ltr'>Ex</span> <span class='ocrx_word' id='word_1_54' title='bbox 259 1186 441 1263; x_wconf 84' lang='lat' dir='ltr'>infinitojam</span> <span class='ocrx_word' id='word_1_55' title='bbox 457 1202 582 1262; x_wconf 83' lang='lat' dir='ltr'>tempore</span> <span class='ocrx_word' id='word_1_56' title='bbox 595 1184 687 1241; x_wconf 88' lang='lat' dir='ltr'>adhuc</span> <span class='ocrx_word' id='word_1_57' title='bbox 696 1184 847 1261; x_wconf 84' lang='lat' dir='ltr'>potuissent</span> 
     </span>
     <span class='ocr_line' id='line_1_11' title="bbox 202 1266 815 1337; baseline -0.005 -13"><span class='ocrx_word' id='word_1_58' title='bbox 202 1267 333 1324; x_wconf 87' lang='lat' dir='ltr'>Immenfi</span> <span class='ocrx_word' id='word_1_59' title='bbox 347 1267 450 1324; x_wconf 80' lang='lat' dir='ltr'>validat</span> <span class='ocrx_word' id='word_1_60' title='bbox 463 1268 513 1323; x_wconf 82' lang='lat' dir='ltr'>aevi</span> <span class='ocrx_word' id='word_1_61' title='bbox 527 1281 705 1337; x_wconf 75' lang='lat' dir='ltr'>contemnere</span> <span class='ocrx_word' id='word_1_62' title='bbox 718 1266 815 1322; x_wconf 81' lang='lat' dir='ltr'>vireis.</span> 
     </span>
    </p>

    <p class='ocr_par' dir='ltr' id='par_1_4' title="bbox 201 1346 975 1744">
     <span class='ocr_line' id='line_1_12' title="bbox 245 1346 975 1425; baseline -0.003 -22"><span class='ocrx_word' id='word_1_63' title='bbox 245 1347 373 1423; x_wconf 88' lang='lat' dir='ltr'>Denique</span> <span class='ocrx_word' id='word_1_64' title='bbox 388 1364 531 1425; x_wconf 82' lang='lat' dir='ltr'>tantopere</span> <span class='ocrx_word' id='word_1_65' title='bbox 544 1347 618 1404; x_wconf 87' lang='lat' dir='ltr'>inter</span> <span class='ocrx_word' id='word_1_66' title='bbox 631 1347 656 1401; x_wconf 86' lang='lat' dir='ltr'>se</span> <span class='ocrx_word' id='word_1_67' title='bbox 667 1366 732 1402; x_wconf 90' lang='lat' dir='ltr'>cum</span> <span class='ocrx_word' id='word_1_68' title='bbox 739 1347 861 1404; x_wconf 85' lang='lat' dir='ltr'>maxima</span> <span class='ocrx_word' id='word_1_69' title='bbox 873 1346 975 1404; x_wconf 89' lang='lat' dir='ltr'>mundi</span> 
     </span>
     <span class='ocr_line' id='line_1_13' title="bbox 201 1428 944 1504; baseline 0.001 -21"><span class='ocrx_word' id='word_1_70' title='bbox 201 1429 328 1504; x_wconf 84' lang='lat' dir='ltr'>Pugnent</span> <span class='ocrx_word' id='word_1_71' title='bbox 339 1430 472 1495; x_wconf 88' lang='lat' dir='ltr'>membra,</span> <span class='ocrx_word' id='word_1_72' title='bbox 488 1428 536 1503; x_wconf 87' lang='lat' dir='ltr'>pio</span> <span class='ocrx_word' id='word_1_73' title='bbox 549 1447 725 1501; x_wconf 84' lang='lat' dir='ltr'>nequaquam</span> <span class='ocrx_word' id='word_1_74' title='bbox 736 1428 844 1484; x_wconf 87' lang='lat' dir='ltr'>concita</span> <span class='ocrx_word' id='word_1_75' title='bbox 853 1430 925 1485; x_wconf 87' lang='lat' dir='ltr'>bello</span> <span class='ocrx_word' id='word_1_76' title='bbox 936 1452 944 1493; x_wconf 81' lang='lat'>3</span> 
     </span>
     <span class='ocr_line' id='line_1_14' title="bbox 201 1507 864 1583; baseline 0 -19"><span class='ocrx_word' id='word_1_77' title='bbox 201 1511 306 1564; x_wconf 85' lang='lat' dir='ltr'>Nonne</span> <span class='ocrx_word' id='word_1_78' title='bbox 319 1508 395 1565; x_wconf 83' lang='lat' dir='ltr'>vides</span> <span class='ocrx_word' id='word_1_79' title='bbox 406 1509 528 1583; x_wconf 80' lang='lat' dir='ltr'>aliquam</span> <span class='ocrx_word' id='word_1_80' title='bbox 538 1507 615 1583; x_wconf 89' lang='lat' dir='ltr'>longi</span> <span class='ocrx_word' id='word_1_81' title='bbox 629 1507 789 1563; x_wconf 81' lang='lat' dir='ltr'>certaminis</span> <span class='ocrx_word' id='word_1_82' title='bbox 801 1509 864 1564; x_wconf 87' lang='lat' dir='ltr'>ollis</span> 
     </span>
     <span class='ocr_line' id='line_1_15' title="bbox 202 1587 930 1661; baseline -0.001 -16"><span class='ocrx_word' id='word_1_83' title='bbox 202 1588 280 1645; x_wconf 78' lang='lat' dir='ltr'>Posse</span> <span class='ocrx_word' id='word_1_84' title='bbox 294 1589 353 1645; x_wconf 87' lang='lat' dir='ltr'>dari</span> <span class='ocrx_word' id='word_1_85' title='bbox 366 1589 475 1645; x_wconf 83' lang='lat' dir='ltr'>linem?</span> <span class='ocrx_word' id='word_1_86' title='bbox 496 1590 540 1644; x_wconf 75' lang='lat' dir='ltr'>vel</span> <span class='ocrx_word' id='word_1_87' title='bbox 554 1608 618 1644; x_wconf 88' lang='lat' dir='ltr'>cum</span> <span class='ocrx_word' id='word_1_88' title='bbox 633 1587 683 1652; x_wconf 88' lang='lat' dir='ltr'>sol,</span> <span class='ocrx_word' id='word_1_89' title='bbox 698 1601 730 1643; x_wconf 88' lang='lat' dir='ltr'>et·</span> <span class='ocrx_word' id='word_1_90' title='bbox 738 1606 826 1661; x_wconf 89' lang='lat' dir='ltr'>vapor</span> <span class='ocrx_word' id='word_1_91' title='bbox 837 1588 930 1644; x_wconf 85' lang='lat' dir='ltr'>omnis</span> 
     </span>
     <span class='ocr_line' id='line_1_16' title="bbox 204 1667 841 1744; baseline -0.003 -19"><span class='ocrx_word' id='word_1_92' title='bbox 204 1668 346 1725; x_wconf 83' lang='lat' dir='ltr'>Omnibus</span> <span class='ocrx_word' id='word_1_93' title='bbox 356 1669 446 1744; x_wconf 86' lang='lat' dir='ltr'>epotis</span> <span class='ocrx_word' id='word_1_94' title='bbox 459 1667 625 1724; x_wconf 86' lang='lat' dir='ltr'>humoribus</span> <span class='ocrx_word' id='word_1_95' title='bbox 639 1667 841 1742; x_wconf 76' lang='lat' dir='ltr'>exsuperarint,</span> 
     </span>
    </p>

    <p class='ocr_par' dir='ltr' id='par_1_5' title="bbox 206 1744 988 1825">
     <span class='ocr_line' id='line_1_17' title="bbox 206 1744 988 1825; baseline 0 -22"><span class='ocrx_word' id='word_1_96' title='bbox 206 1749 294 1825; x_wconf 73' lang='lat' dir='ltr'>Quod</span> <span class='ocrx_word' id='word_1_97' title='bbox 313 1747 400 1804; x_wconf 85' lang='lat' dir='ltr'>facere</span> <span class='ocrx_word' id='word_1_98' title='bbox 421 1748 582 1814; x_wconf 79' lang='lat' dir='ltr'>intendunt,</span> <span class='ocrx_word' id='word_1_99' title='bbox 599 1766 688 1820; x_wconf 86' lang='lat' dir='ltr'>neque</span> <span class='ocrx_word' id='word_1_100' title='bbox 710 1744 801 1805; x_wconf 89' lang='lat' dir='ltr'>adhuc</span> <span class='ocrx_word' id='word_1_101' title='bbox 820 1762 918 1805; x_wconf 87' lang='lat' dir='ltr'>conata</span> <span class='ocrx_word' id='word_1_102' title='bbox 938 1766 988 1823; x_wconf 87' lang='lat' dir='ltr'>pa·</span> 
     </span>
    </p>

    <p class='ocr_par' dir='ltr' id='par_1_6' title="bbox 331 1843 450 1885">
     <span class='ocr_line' id='line_1_18' title="bbox 331 1843 450 1885; baseline -0.008 -2"><span class='ocrx_word' id='word_1_103' title='bbox 331 1843 450 1885; x_wconf 86' lang='lat' dir='ltr'>trautur:</span> 
     </span>
    </p>

    <p class='ocr_par' dir='ltr' id='par_1_7' title="bbox 203 1909 939 1986">
     <span class='ocr_line' id='line_1_19' title="bbox 203 1909 939 1986; baseline -0.004 -19"><span class='ocrx_word' id='word_1_104' title='bbox 203 1911 329 1967; x_wconf 85' lang='lat' dir='ltr'>Tantum</span> <span class='ocrx_word' id='word_1_105' title='bbox 343 1909 521 1986; x_wconf 81' lang='lat' dir='ltr'>suppeditant</span> <span class='ocrx_word' id='word_1_106' title='bbox 536 1929 639 1977; x_wconf 85' lang='lat' dir='ltr'>amnes,</span> <span class='ocrx_word' id='word_1_107' title='bbox 656 1909 782 1982; x_wconf 85' lang='lat' dir='ltr'>ultroque</span> <span class='ocrx_word' id='word_1_108' title='bbox 794 1909 939 1966; x_wconf 89' lang='lat' dir='ltr'>minantur</span> 
     </span>
    </p>

    <p class='ocr_par' dir='ltr' id='par_1_8' title="bbox 158 1990 811 2066">
     <span class='ocr_line' id='line_1_20' title="bbox 158 1990 811 2066; baseline 0.002 -21"><span class='ocrx_word' id='word_1_109' title='bbox 158 2038 161 2045; x_wconf 95' lang='lat'>.</span> <span class='ocrx_word' id='word_1_110' title='bbox 206 1992 315 2050; x_wconf 87' lang='lat' dir='ltr'>Omnia</span> <span class='ocrx_word' id='word_1_111' title='bbox 324 1990 462 2066; x_wconf 78' lang='lat' dir='ltr'>diluviare</span> <span class='ocrx_word' id='word_1_112' title='bbox 476 2011 509 2047; x_wconf 84' lang='lat' dir='ltr'>ex</span> <span class='ocrx_word' id='word_1_113' title='bbox 522 1991 577 2046; x_wconf 92' lang='lat' dir='ltr'>alto</span> <span class='ocrx_word' id='word_1_114' title='bbox 591 1991 701 2066; x_wconf 85' lang='lat' dir='ltr'>gurgite</span> <span class='ocrx_word' id='word_1_115' title='bbox 714 1991 811 2065; x_wconf 83' lang='lat' dir='ltr'>ponti:</span> 
     </span>
    </p>

    <p class='ocr_par' dir='ltr' id='par_1_9' title="bbox 204 2069 937 2147">
     <span class='ocr_line' id='line_1_21' title="bbox 204 2069 937 2147; baseline -0.005 -17"><span class='ocrx_word' id='word_1_116' title='bbox 204 2072 415 2147; x_wconf 83' lang='lat' dir='ltr'>Nequicquam;</span> <span class='ocrx_word' id='word_1_117' title='bbox 439 2072 574 2146; x_wconf 89' lang='lat' dir='ltr'>quoniam</span> <span class='ocrx_word' id='word_1_118' title='bbox 587 2086 724 2127; x_wconf 77' lang='lat' dir='ltr'>verrentes</span> <span class='ocrx_word' id='word_1_119' title='bbox 738 2089 847 2142; x_wconf 87' lang='lat' dir='ltr'>aequora</span> <span class='ocrx_word' id='word_1_120' title='bbox 859 2069 937 2126; x_wconf 88' lang='lat' dir='ltr'>venti</span> 
     </span>
    </p>

    <p class='ocr_par' dir='ltr' id='par_1_10' title="bbox 205 2149 900 2225">
     <span class='ocr_line' id='line_1_22' title="bbox 205 2149 900 2225; baseline -0.004 -16"><span class='ocrx_word' id='word_1_121' title='bbox 205 2151 395 2218; x_wconf 86' lang='lat' dir='ltr'>Deminuuut‚</span> <span class='ocrx_word' id='word_1_122' title='bbox 411 2152 551 2225; x_wconf 84' lang='lat' dir='ltr'>radiisque</span> <span class='ocrx_word' id='word_1_123' title='bbox 565 2165 689 2206; x_wconf 80' lang='lat' dir='ltr'>retexens</span> <span class='ocrx_word' id='word_1_124' title='bbox 702 2149 828 2206; x_wconf 70' lang='lat' dir='ltr'>atherius</span> <span class='ocrx_word' id='word_1_125' title='bbox 842 2149 900 2215; x_wconf 79' lang='lat'><em>[013</em></span> 
     </span>
    </p>

    <p class='ocr_par' dir='ltr' id='par_1_11' title="bbox 205 2226 885 2306">
     <span class='ocr_line' id='line_1_23' title="bbox 205 2226 885 2306; baseline -0.001 -18"><span class='ocrx_word' id='word_1_126' title='bbox 205 2235 242 2288; x_wconf 87' lang='lat' dir='ltr'>Et</span> <span class='ocrx_word' id='word_1_127' title='bbox 253 2226 346 2289; x_wconf 85' lang='lat' dir='ltr'>siccare</span> <span class='ocrx_word' id='word_1_128' title='bbox 359 2232 438 2306; x_wconf 85' lang='lat' dir='ltr'>prius</span> <span class='ocrx_word' id='word_1_129' title='bbox 447 2231 595 2287; x_wconf 77' lang='lat' dir='ltr'>considunt</span> <span class='ocrx_word' id='word_1_130' title='bbox 607 2231 703 2287; x_wconf 89' lang='lat' dir='ltr'>omnia</span> <span class='ocrx_word' id='word_1_131' title='bbox 717 2229 802 2305; x_wconf 72' lang='lat' dir='ltr'>posse,</span> <span class='ocrx_word' id='word_1_132' title='bbox 815 2265 818 2270; x_wconf 93' lang='lat'>·</span> <span class='ocrx_word' id='word_1_133' title='bbox 883 2240 885 2248; x_wconf 84' lang='grc'><em>’</em></span> 
     </span>
    </p>

    <p class='ocr_par' dir='ltr' id='par_1_12' title="bbox 206 2310 977 2388">
     <span class='ocr_line' id='line_1_24' title="bbox 206 2310 977 2388; baseline 0 -21"><span class='ocrx_word' id='word_1_134' title='bbox 206 2315 304 2388; x_wconf 81' lang='lat' dir='ltr'>Qpam</span> <span class='ocrx_word' id='word_1_135' title='bbox 317 2312 413 2384; x_wconf 86' lang='lat' dir='ltr'>liquor</span> <span class='ocrx_word' id='word_1_136' title='bbox 424 2310 536 2385; x_wconf 78' lang='lat' dir='ltr'>incapti</span> <span class='ocrx_word' id='word_1_137' title='bbox 552 2310 633 2385; x_wconf 80' lang='lat' dir='ltr'>possit</span> <span class='ocrx_word' id='word_1_138' title='bbox 646 2311 807 2385; x_wconf 83' lang='lat' dir='ltr'>contingere</span> <span class='ocrx_word' id='word_1_139' title='bbox 821 2311 919 2367; x_wconf 86' lang='lat' dir='ltr'>finem.</span> <span class='ocrx_word' id='word_1_140' title='bbox 975 2362 977 2367; x_wconf 93' lang='lat'><em>.</em></span> 
     </span>
    </p>

    <p class='ocr_par' dir='ltr' id='par_1_13' title="bbox 203 2390 846 2464">
     <span class='ocr_line' id='line_1_25' title="bbox 203 2390 846 2464; baseline 0 -16"><span class='ocrx_word' id='word_1_141' title='bbox 203 2391 331 2448; x_wconf 88' lang='lat' dir='ltr'>Tantum</span> <span class='ocrx_word' id='word_1_142' title='bbox 344 2390 477 2464; x_wconf 82' lang='lat' dir='ltr'>spirantes</span> <span class='ocrx_word' id='word_1_143' title='bbox 490 2408 568 2463; x_wconf 80' lang='lat' dir='ltr'>aequo</span> <span class='ocrx_word' id='word_1_144' title='bbox 582 2392 731 2447; x_wconf 88' lang='lat' dir='ltr'>certamine</span> <span class='ocrx_word' id='word_1_145' title='bbox 740 2392 846 2448; x_wconf 86' lang='lat' dir='ltr'>bellum</span> 
     </span>
    </p>

    <p class='ocr_par' dir='ltr' id='par_1_14' title="bbox 204 2469 836 2546">
     <span class='ocr_line' id='line_1_26' title="bbox 204 2469 836 2546; baseline -0.003 -18"><span class='ocrx_word' id='word_1_146' title='bbox 204 2471 317 2546; x_wconf 76' lang='lat' dir='ltr'>Magnis</span> <span class='ocrx_word' id='word_1_147' title='bbox 327 2469 363 2526; x_wconf 90' lang='lat' dir='ltr'>de</span> <span class='ocrx_word' id='word_1_148' title='bbox 374 2471 456 2526; x_wconf 74' lang='lat' dir='ltr'>rebus</span> <span class='ocrx_word' id='word_1_149' title='bbox 469 2470 542 2525; x_wconf 85' lang='lat' dir='ltr'>inter</span> <span class='ocrx_word' id='word_1_150' title='bbox 554 2469 580 2524; x_wconf 87' lang='lat' dir='ltr'>se</span> <span class='ocrx_word' id='word_1_151' title='bbox 593 2489 704 2526; x_wconf 87' lang='lat' dir='ltr'>cernere</span> <span class='ocrx_word' id='word_1_152' title='bbox 717 2485 836 2528; x_wconf 83' lang='lat' dir='ltr'>certant:</span> 
     </span>
    </p>

    <p class='ocr_par' dir='ltr' id='par_1_15' title="bbox 206 2548 877 2626">
     <span class='ocr_line' id='line_1_27' title="bbox 206 2548 877 2626; baseline -0.001 -18"><span class='ocrx_word' id='word_1_153' title='bbox 206 2556 283 2608; x_wconf 89' lang='lat' dir='ltr'>Cum</span> <span class='ocrx_word' id='word_1_154' title='bbox 296 2549 374 2606; x_wconf 87' lang='lat' dir='ltr'>semel</span> <span class='ocrx_word' id='word_1_155' title='bbox 387 2550 417 2605; x_wconf 89' lang='lat' dir='ltr'>in</span> <span class='ocrx_word' id='word_1_156' title='bbox 431 2565 502 2606; x_wconf 89' lang='lat' dir='ltr'>terra</span> <span class='ocrx_word' id='word_1_157' title='bbox 512 2548 596 2605; x_wconf 82' lang='lat' dir='ltr'>suerit</span> <span class='ocrx_word' id='word_1_158' title='bbox 610 2550 783 2625; x_wconf 88' lang='lat' dir='ltr'>superantior</span> <span class='ocrx_word' id='word_1_159' title='bbox 793 2551 877 2626; x_wconf 79' lang='lat' dir='ltr'>ignia,</span> 
     </span>
    </p>

    <p class='ocr_par' dir='ltr' id='par_1_16' title="bbox 205 2627 979 2704">
     <span class='ocr_line' id='line_1_28' title="bbox 205 2627 979 2704; baseline -0.001 -15"><span class='ocrx_word' id='word_1_160' title='bbox 205 2635 242 2689; x_wconf 83' lang='lat' dir='ltr'>Et</span> <span class='ocrx_word' id='word_1_161' title='bbox 256 2631 346 2698; x_wconf 89' lang='lat' dir='ltr'>semel,</span> <span class='ocrx_word' id='word_1_162' title='bbox 359 2645 389 2687; x_wconf 91' lang='lat' dir='ltr'>ut</span> <span class='ocrx_word' id='word_1_163' title='bbox 404 2627 520 2696; x_wconf 71' lang='lat' dir='ltr'>samad,</span> <span class='ocrx_word' id='word_1_164' title='bbox 535 2629 641 2686; x_wconf 91' lang='lat' dir='ltr'>humor</span> <span class='ocrx_word' id='word_1_165' title='bbox 655 2630 777 2704; x_wconf 82' lang='lat' dir='ltr'>regnarit</span> <span class='ocrx_word' id='word_1_166' title='bbox 788 2633 819 2687; x_wconf 88' lang='lat' dir='ltr'>in</span> <span class='ocrx_word' id='word_1_167' title='bbox 831 2633 929 2688; x_wconf 86' lang='lat' dir='ltr'>arvis..</span> <span class='ocrx_word' id='word_1_168' title='bbox 976 2683 979 2688; x_wconf 94' lang='grc'><em>,</em></span> 
     </span>
    </p>

    <p class='ocr_par' dir='ltr' id='par_1_17' title="bbox 208 2711 978 2789">
     <span class='ocr_line' id='line_1_29' title="bbox 208 2711 978 2789; baseline -0.006 -21"><span class='ocrx_word' id='word_1_169' title='bbox 208 2714 289 2789; x_wconf 86' lang='lat' dir='ltr'>Ignis</span> <span class='ocrx_word' id='word_1_170' title='bbox 298 2713 372 2789; x_wconf 78' lang='lat' dir='ltr'>enim</span> <span class='ocrx_word' id='word_1_171' title='bbox 385 2711 536 2788; x_wconf 81' lang='lat' dir='ltr'>superavit,</span> <span class='ocrx_word' id='word_1_172' title='bbox 553 2726 579 2767; x_wconf 86' lang='lat' dir='ltr'>et</span> <span class='ocrx_word' id='word_1_173' title='bbox 593 2711 704 2766; x_wconf 79' lang='lat' dir='ltr'>amberta</span> <span class='ocrx_word' id='word_1_174' title='bbox 717 2713 805 2787; x_wconf 82' lang='lat' dir='ltr'>multa</span> <span class='ocrx_word' id='word_1_175' title='bbox 815 2712 939 2788; x_wconf 79' lang='lat' dir='ltr'>perussit,</span> <span class='ocrx_word' id='word_1_176' title='bbox 975 2758 978 2763; x_wconf 90' lang='lat'>.</span> 
     </span>
    </p>

    <p class='ocr_par' dir='ltr' id='par_1_18' title="bbox 206 2791 924 2866">
     <span class='ocr_line' id='line_1_30' title="bbox 206 2791 924 2866; baseline -0.003 -16"><span class='ocrx_word' id='word_1_177' title='bbox 206 2795 283 2850; x_wconf 68' lang='lat' dir='ltr'>Avia</span> <span class='ocrx_word' id='word_1_178' title='bbox 297 2813 361 2849; x_wconf 89' lang='lat' dir='ltr'>eum</span> <span class='ocrx_word' id='word_1_179' title='bbox 374 2791 548 2848; x_wconf 83' lang='lat' dir='ltr'>Phaethonta</span> <span class='ocrx_word' id='word_1_180' title='bbox 561 2811 647 2866; x_wconf 87' lang='lat' dir='ltr'>rapax</span> <span class='ocrx_word' id='word_1_181' title='bbox 660 2791 701 2845; x_wconf 76' lang='lat' dir='ltr'>vis</span> <span class='ocrx_word' id='word_1_182' title='bbox 715 2791 775 2846; x_wconf 81' lang='lat' dir='ltr'>solis</span> <span class='ocrx_word' id='word_1_183' title='bbox 785 2811 924 2866; x_wconf 86' lang='lat' dir='ltr'>equorum</span> 
     </span>
    </p>

    <p class='ocr_par' dir='ltr' id='par_1_19' title="bbox 210 2870 938 2946">
     <span class='ocr_line' id='line_1_31' title="bbox 210 2870 938 2946; baseline -0.003 -18"><span class='ocrx_word' id='word_1_184' title='bbox 210 2872 319 2928; x_wconf 79' lang='lat' dir='ltr'>AEthere</span> <span class='ocrx_word' id='word_1_185' title='bbox 332 2873 450 2946; x_wconf 74' lang='lat' dir='ltr'>raptarit</span> <span class='ocrx_word' id='word_1_186' title='bbox 464 2884 533 2936; x_wconf 84' lang='lat' dir='ltr'>toto,</span> <span class='ocrx_word' id='word_1_187' title='bbox 551 2870 687 2944; x_wconf 84' lang='lat' dir='ltr'>terrasque</span> <span class='ocrx_word' id='word_1_188' title='bbox 701 2890 751 2945; x_wconf 89' lang='lat' dir='ltr'>per</span> <span class='ocrx_word' id='word_1_189' title='bbox 762 2872 886 2929; x_wconf 64' lang='lat' dir='ltr'>omneis:</span> <span class='ocrx_word' id='word_1_190' title='bbox 930 2884 938 2899; x_wconf 84' lang='lat'><strong>·</strong></span> 
     </span>
    </p>

    <p class='ocr_par' dir='ltr' id='par_1_20' title="bbox 207 2951 862 3028">
     <span class='ocr_line' id='line_1_32' title="bbox 207 2951 862 3028; baseline -0.003 -19"><span class='ocrx_word' id='word_1_191' title='bbox 207 2953 250 3009; x_wconf 86' lang='lat' dir='ltr'>At</span> <span class='ocrx_word' id='word_1_192' title='bbox 259 2967 337 3028; x_wconf 90' lang='lat' dir='ltr'>pater</span> <span class='ocrx_word' id='word_1_193' title='bbox 349 2951 526 3025; x_wconf 86' lang='lat' dir='ltr'>omnipotens</span> <span class='ocrx_word' id='word_1_194' title='bbox 540 2951 581 3006; x_wconf 87' lang='lat' dir='ltr'>ira</span> <span class='ocrx_word' id='word_1_195' title='bbox 596 2965 655 3007; x_wconf 90' lang='lat' dir='ltr'>tum</span> <span class='ocrx_word' id='word_1_196' title='bbox 667 2952 788 3026; x_wconf 86' lang='lat' dir='ltr'>percitus</span> <span class='ocrx_word' id='word_1_197' title='bbox 796 2952 862 3008; x_wconf 67' lang='lat' dir='ltr'>acri‘</span> 
     </span>
    </p>

    <p class='ocr_par' dir='ltr' id='par_1_21' title="bbox 206 3029 1031 3107">
     <span class='ocr_line' id='line_1_33' title="bbox 206 3029 1031 3107; baseline 0.001 -19"><span class='ocrx_word' id='word_1_198' title='bbox 206 3031 421 3107; x_wconf 85' lang='lat' dir='ltr'>Magnanimum</span> <span class='ocrx_word' id='word_1_199' title='bbox 435 3029 609 3088; x_wconf 89' lang='lat' dir='ltr'>Phaethonta</span> <span class='ocrx_word' id='word_1_200' title='bbox 623 3031 731 3106; x_wconf 87' lang='lat' dir='ltr'>repenti</span> <span class='ocrx_word' id='word_1_201' title='bbox 746 3031 870 3089; x_wconf 86' lang='lat' dir='ltr'>fulminis</span> <span class='ocrx_word' id='word_1_202' title='bbox 883 3031 940 3089; x_wconf 71' lang='lat' dir='ltr'>ictu</span> <span class='ocrx_word' id='word_1_203' title='bbox 1028 3070 1031 3077; x_wconf 88' lang='lat'>·</span> 
     </span>
    </p>

    <p class='ocr_par' dir='ltr' id='par_1_22' title="bbox 209 3111 890 3186">
     <span class='ocr_line' id='line_1_34' title="bbox 209 3111 890 3186; baseline 0 -17"><span class='ocrx_word' id='word_1_204' title='bbox 209 3111 377 3169; x_wconf 84' lang='lat' dir='ltr'>Deturbavit</span> <span class='ocrx_word' id='word_1_205' title='bbox 390 3112 468 3186; x_wconf 87' lang='lat' dir='ltr'>equis</span> <span class='ocrx_word' id='word_1_206' title='bbox 481 3111 512 3166; x_wconf 90' lang='lat' dir='ltr'>in</span> <span class='ocrx_word' id='word_1_207' title='bbox 527 3126 646 3176; x_wconf 81' lang='lat' dir='ltr'>terram3</span> <span class='ocrx_word' id='word_1_208' title='bbox 671 3111 765 3184; x_wconf 86' lang='lat' dir='ltr'>solque</span> <span class='ocrx_word' id='word_1_209' title='bbox 779 3112 890 3169; x_wconf 87' lang='lat' dir='ltr'>cadenti</span> 
     </span>
    </p>

    <p class='ocr_par' dir='ltr' id='par_1_23' title="bbox 209 3191 868 3266">
     <span class='ocr_line' id='line_1_35' title="bbox 209 3191 868 3266; baseline -0.002 -17"><span class='ocrx_word' id='word_1_210' title='bbox 209 3192 323 3249; x_wconf 89' lang='lat' dir='ltr'>Obvius</span> <span class='ocrx_word' id='word_1_211' title='bbox 338 3207 465 3248; x_wconf 81' lang='lat' dir='ltr'>aeternam</span> <span class='ocrx_word' id='word_1_212' title='bbox 479 3192 602 3266; x_wconf 90' lang='lat' dir='ltr'>succepit</span> <span class='ocrx_word' id='word_1_213' title='bbox 616 3191 743 3266; x_wconf 86' lang='lat' dir='ltr'>lampada</span> <span class='ocrx_word' id='word_1_214' title='bbox 756 3193 868 3259; x_wconf 86' lang='lat' dir='ltr'>mundi,</span> 
     </span>
    </p>

    <p class='ocr_par' dir='ltr' id='par_1_24' title="bbox 208 3271 964 3348">
     <span class='ocr_line' id='line_1_36' title="bbox 208 3271 964 3348; baseline -0.004 -19"><span class='ocrx_word' id='word_1_215' title='bbox 208 3271 392 3348; x_wconf 74' lang='lat' dir='ltr'>Disjesiosque</span> <span class='ocrx_word' id='word_1_216' title='bbox 407 3273 512 3348; x_wconf 83' lang='lat' dir='ltr'>redegit</span> <span class='ocrx_word' id='word_1_217' title='bbox 522 3290 617 3346; x_wconf 84' lang='lat' dir='ltr'>equos,</span> <span class='ocrx_word' id='word_1_218' title='bbox 625 3271 777 3348; x_wconf 84' lang='lat' dir='ltr'>junxitque</span> <span class='ocrx_word' id='word_1_219' title='bbox 791 3273 964 3331; x_wconf 78' lang='lat' dir='ltr'>trementeia:</span> 
     </span>
    </p>

    <p class='ocr_par' dir='ltr' id='par_1_25' title="bbox 212 3350 991 3500">
     <span class='ocr_line' id='line_1_37' title="bbox 212 3350 976 3432; baseline 0.007 -23"><span class='ocrx_word' id='word_1_220' title='bbox 212 3353 282 3412; x_wconf 87' lang='lat' dir='ltr'>Inde</span> <span class='ocrx_word' id='word_1_221' title='bbox 295 3351 376 3414; x_wconf 88' lang='lat' dir='ltr'>suum</span> <span class='ocrx_word' id='word_1_222' title='bbox 390 3353 499 3431; x_wconf 81' lang='lat' dir='ltr'>petitea</span> <span class='ocrx_word' id='word_1_223' title='bbox 512 3350 749 3417; x_wconf 68' lang='lat' dir='ltr'>recrearrteuntta</span> <span class='ocrx_word' id='word_1_224' title='bbox 761 3354 935 3432; x_wconf 65' lang='lat' dir='ltr'>gubernante</span> <span class='ocrx_word' id='word_1_225' title='bbox 961 3368 976 3414; x_wconf 67' lang='lat'>².</span> 
     </span>
     <span class='ocr_line' id='line_1_38' title="bbox 872 3433 991 3500; baseline 0 -7"><span class='ocrx_word' id='word_1_226' title='bbox 872 3433 991 3500; x_wconf 80' lang='lat' dir='ltr'>Scilicet,</span> 
     </span>
    </p>
   </div>
   <div class='ocr_carea' id='block_1_3' title="bbox 0 0 1198 3875">
    <p class='ocr_par' dir='ltr' id='par_1_26' title="bbox 0 0 1198 3875">
     <span class='ocr_line' id='line_1_39' title="bbox 0 0 1198 3875; baseline 0 0"><span class='ocrx_word' id='word_1_227' title='bbox 0 0 1198 3875; x_wconf 95' lang='lat' dir='ltr'> </span> 
     </span>
    </p>
   </div>
  </div>
 </body>
</html>
