2359 3875
154 377 188 455 Ἰ
279 394 473 466 sinus
508 394 865 470 saevum.
943 419 986 490 ⁵7

225 522 255 578 Ut
265 542 314 579 non
326 524 456 581 omnibus
465 524 600 581 attribuas
609 523 725 592 sonitus,
740 539 767 581 ct
778 522 892 581 odores:

223 602 264 669 Sic,
273 604 353 660 oculis
366 604 505 680 qnoniam
517 624 576 661 non
588 605 686 662 omnia
699 624 811 662 temere
823 605 951 679 quimus,

222 683 278 739 Scire
289 684 360 751 licet,
375 684 505 760 quaedam
519 700 577 741 tam
590 685 710 743 constare
723 686 790 742 orba
804 685 908 751 colore,

221 764 298 841 Qpam
310 765 363 822 fine
375 765 463 822 odore
475 766 535 821 ullo
549 766 687 839 quadam,
702 765 850 840 sonituque
863 779 982 822 remota.

217 842 361 902 Necminus
371 844 430 901 hnc
443 845 584 910 animum,
598 846 759 922 cognoscere
772 841 847 922 poffe
860 843 985 922 sagacem

216 925 294 1000 Quam
308 946 370 1001 quae
383 924 447 981 sunt
459 925 523 982 aliis
536 926 617 982 rebus
630 927 748 1002 privata,
760 923 900 1000 notisque.

246 1004 293 1060 Sed
306 1025 341 1061 nc
353 1005 425 1062 forte
437 1019 520 1082 putes
530 1004 588 1062 folo
601 1005 714 1082 spoliata
727 1009 820 1063 colore

213 1083 325 1162 Corpora
336 1086 430 1162 primu
444 1104 571 1142 manere:
595 1086 677 1142 etiam
691 1087 789 1143 secreta
799 1083 905 1161 teporis

211 1162 278 1232 Sunt,
292 1184 328 1222 ao
337 1165 451 1242 frigoris
465 1166 594 1233 omnino,
610 1166 748 1242 calidique
761 1164 892 1243 vaporis:

210 1240 237 1297 Et
245 1246 331 1303 sonitu
345 1238 446 1312 fictiia,
463 1260 490 1301 et
503 1246 584 1302 succo
593 1247 689 1323 jejuna
700 1238 847 1304 feruntur:

210 1322 258 1381 Nec
262 1327 374 1402 jaciunt
386 1328 480 1383 ulium
495 1327 614 1403 proprio
626 1326 661 1383 de
673 1345 791 1402 corpore
803 1324 931 1381 odorem.

209 1403 275 1462 Sicut
287 1407 440 1463 amaracini
456 1406 601 1474 blandum,
617 1405 756 1482 {indiaque
765 1407 907 1481 liquorem

208 1484 237 1539 Et
247 1487 328 1543 nardi
341 1488 455 1553 florem,
466 1485 557 1543 nudat
572 1488 623 1562 qni
635 1488 750 1543 naribus
762 1485 869 1553 halant,

208 1565 275 1622 Cum
289 1566 377 1624 facere
390 1566 529 1623 instituas:
546 1587 611 1623 cum
622 1568 725 1643 primis
734 1587 857 1643 quaercre
870 1587 923 1644 par
934 1566 982 1637 est,

207 1645 314 1723 [Quoad
328 1649 403 1714 licet,
420 1666 451 1703 ac
464 1647 540 1722 potis
551 1668 579 1703 es
593 1648 740 1724 reperim)
752 1647 885 1705 inolentis
898 1645 969 1707 olivi

202 1727 348 1794 Naturam*
359 1728 468 1785 nullam
481 1746 542 1802 quae
550 1728 645 1784 mittat
656 1727 770 1785 naribus
783 1747 896 1785 autam:

201 1807 291 1883 Quam
304 1808 422 1865 minime
434 1823 467 1863 ut
481 1807 560 1883 poffit
569 1806 663 1864 mistos
674 1809 706 1865 iu
719 1809 952 1885 corporandum,

201 1888 413 1965 Concedosquc,
429 1887 478 1945 suo
491 1886 629 1944 comanos
643 1888 758 1964 perdere
771 1890 848 1947 viro.

236 1971 389 2044 Propterea
399 1967 513 2025 demum
526 1967 628 2024 debent
639 1968 799 2042 primordia
811 1989 906 2026 serum

198 2047 259 2105 Non
269 2048 403 2106 adhibere
416 2046 496 2103 suum
509 2046 662 2122 gignundis
675 2049 757 2104 rebus
771 2048 905 2112 odorem

197 2127 250 2185 Nec
264 2128 405 2195 sonituum
419 2126 553 2201 quonia-m
565 2123 639 2181 nihil
651 2128 685 2184 ab
696 2127 720 2183 se
729 2127 838 2183 mittere
852 2124 975 2202 polsusn

198 2207 250 2264 Nec
264 2209 347 2264 simili
361 2209 470 2265 ratione
478 2205 603 2282 saporem
616 2205 737 2282 denique
749 2226 935 2282 quemquam

199 2287 252 2345 Nec
264 2288 377 2368 frigus;
400 2306 491 2362 neque
504 2287 571 2342 item
584 2286 718 2354 calidum,
735 2288 916 2364 tepidumque
934 2307 983 2345 va·

320 2390 443 2446 porem3
466 2382 494 2424 et

198 2448 315 2515 Catcra3
333 2470 395 2525 qua
404 2469 468 2505 cnm
479 2449 518 2506 ita
528 2448 589 2506 suut
600 2447 724 2518 tandem,
740 2463 771 2506 ut
779 2450 907 2508 mortalia
915 2469 983 2508 con-

321 2530 403 2596 stent,

198 2609 279 2667 Molli
291 2613 378 2676 lenta,
394 2607 500 2685 fngosa
514 2608 604 2683 putri.
620 2627 687 2665 cava
699 2630 817 2686 corpore
830 2633 906 2680 raro,

198 2689 301 2748 Omnia
315 2691 367 2746 fint
379 2711 395 2745 a
406 2687 558 2766 principiis
571 2687 690 2763 sejundia·
699 2688 850 2757 neccffe'st,.

198 2769 371 2835 Immortalis
385 2771 403 2826 ss
417 2770 548 2827 volumus
559 2768 725 2845 subjungere
735 2771 817 2826 rebus

197 2852 396 2918 Fundamenta,
412 2849 515 2925 quibus
523 2848 631 2905 nitatur
642 2848 750 2906 summa
763 2850 877 2910 salutiss

196 2931 236 2988 Ne
250 2932 305 2988 tibi
318 2953 360 2989 res
373 2931 485 2988 redeant
495 2927 530 2985 ad
541 2929 633 2985 nilum
646 2928 772 2988 funditus
786 2953 895 2990 omnes.

236 3015 262 3069 N
267 3034 322 3069 unc
335 3033 378 3079 ea,
393 3031 455 3087 quae
468 3008 566 3066 sentire
579 3008 708 3065 videmus
721 3031 832 3088 cunque
844 3010 980 3072 neceiie'ii

197 3093 238 3149 Ex
250 3093 423 3151 insenfiiibus
438 3105 530 3148 tamen
544 3089 795 3149 omnia-confiteare

196 3172 349 3249 Principiis
362 3172 496 3230 constare:
512 3189 602 3245 neque
615 3169 646 3226 id
660 3171 802 3229 manifesta
814 3173 945 3241 refutant,

196 3254 252 3310 Nec
267 3269 364 3311 contra
373 3269 510 3330 pugnant,
522 3249 552 3305 in
564 3268 701 3326 promptu
711 3254 821 3328 cognita
829 3270 890 3330 qun
900 3253 972 3310 sunt:

196 3332 247 3391 sed
261 3334 349 3411 magis
362 3334 421 3412 ipsa
434 3353 520 3393 manu
533 3328 653 3398 ducunt¹
668 3348 695 3389 ct
707 3333 815 3390 credere
827 3348 944 3410 cogunt,

935 3413 979 3468 Ex
