2359 3875
282 409 503 483 irruit.
529 378 833 508 quimus.
913 433 972 475 ιι.

197 542 276 617 Saepe
288 542 400 606 oculo„
425 541 488 598 ideo
501 543 577 616 quod
590 542 694 599 semina
707 539 821 616 poffidet
834 538 910 615 ignis

197 622 301 687 Multa,
315 620 441 678 dolorem
453 622 614 699 oculisque
626 622 745 699 gignunt
753 619 931 677 iufiuuando·

235 701 344 759 Lurida
358 718 487 778 praeterea
500 703 572 761 fiunt
583 722 754 779 quecunque
767 716 881 757 tuentur

189 780 328 856 Arquati:
352 782 417 857 quia
430 782 532 840 luroris
545 784 696 858 decorpore
708 801 807 839 eorum

190 863 301 919 Semina
314 866 403 920 muita
416 863 508 920 fluunt
521 863 670 921 fimulacris
682 863 767 919 obvia
780 881 891 927 rerunt

186 942 337 1017 Multaque
351 942 413 1000 suut
424 945 515 1001 oculis
524 945 555 1001 in
564 964 663 1002 eorum
673 943 793 1018 denique
805 942 894 1009 mitta,

189 1023 265 1099 Qut
278 1037 393 1098 contage
406 1023 452 1079 sua
466 1025 621 1100 palloribus
631 1024 726 1080 omnia
739 1024 876 1099 pingunt.

232 1102 256 1157 E
271 1104 391 1159 tenebris
403 1118 506 1170 autem,
518 1125 579 1181 qua
593 1105 699 1161 suntin
711 1106 783 1171 luce,
799 1119 925 1161 tuemur:

185 1180 350 1257 Propterea,
361 1183 429 1258 quia
441 1204 505 1239 cum
519 1186 639 1262 propior
650 1185 776 1261 caliginis
788 1202 833 1240 aer

184 1261 325 1319 Aterinit
337 1266 434 1319 oculos
449 1264 537 1337 prior,
553 1281 580 1321 et
593 1265 711 1342 poffedit
719 1280 844 1340 apertos:

184 1341 351 1416 Insequitur
360 1343 627 1402 caudeutcouiessim
640 1345 753 1402 lucidus
763 1364 819 1409 aer,

185 1423 252 1498 Qui
262 1422 336 1499 quafi
351 1439 450 1498 purgat
462 1443 518 1491 eos,
533 1446 563 1481 ac
576 1427 670 1501 nigras
682 1424 796 1481 discutit
810 1422 920 1480 umbras

182 1501 269 1558 Aeria
280 1502 375 1559 iilius:
398 1522 463 1559 narn
478 1506 572 1562 multis
581 1506 709 1581 partibus
721 1504 767 1560 hic
777 1504 812 1560 est

181 1581 339 1647 Mobilior3
364 1582 513 1660 multisque
526 1586 679 1651 minutium
702 1600 730 1641 et
742 1604 821 1660 mage
834 1583 955 1660 pollent.

189 1663 254 1739 Qui
267 1662 349 1719 fimul
362 1677 442 1737 atque
455 1665 514 1721 viar
525 1667 673 1721 oculorum
687 1667 748 1721 luce
757 1664 877 1740 replevit
888 1685 896 1730 3

183 1741 283 1817 Atque
296 1742 435 1820 patefecit,
450 1764 518 1819 quas
528 1762 591 1801 ante
604 1746 746 1802 obsederat
758 1762 833 1802 ater:

181 1825 338 1880 Continuo
345 1844 438 1880 rerum
452 1825 595 1882 simulacra
604 1825 733 1901 adaperta
747 1826 910 1901 sequuntur,

183 1906 259 1981 Qpae
274 1906 319 1962 srta
334 1904 436 1962 suntin
449 1908 528 1971 lucet
552 1905 750 1980 lambuntque,
761 1921 794 1962 ut
807 1906 964 1962 videamus.

184 1985 276 2060 Quod
286 2002 381 2042 contra
395 1985 481 2043 iacere
490 1987 521 2042 in
535 1988 654 2044 tenebris
665 2009 678 2043 a
689 1990 750 2043 luce
758 1986 906 2059 nequimus
918 2003 926 2038 r

183 2067 347 2141 Propterea,
361 2067 427 2139 quia
440 2065 577 2141 posterior
589 2067 713 2141 caliginis
727 2087 774 2122 aer

180 2145 303 2203 Craffior
315 2144 478 2221 insequitur,
493 2146 542 2220 qui
556 2146 654 2202 cunita
665 2145 804 2202 foramina
816 2142 955 2219 complet3

181 2225 353 2301 Obfiditque
363 2227 421 2282 viat
431 2229 590 2292 oculorum,
602 2246 637 2282 ne
652 2227 791 2283 fimulacra

179 2305 289 2364 Poffint
301 2307 424 2361 ullarum
438 2326 532 2362 rerum
546 2305 665 2383 coujedia
677 2306 796 2362 moveri.

227 2383 720 2461 Quadratasqueproculturreiscum
729 2383 965 2449 cernimuturbir.

178 2466 333 2541 Propterea
344 2466 387 2532 fir,
398 2467 439 2523 uti
452 2467 602 2523 videantur
616 2466 685 2543 sape
699 2467 834 2531 rotunde,

178 2546 315 2622 Angulus
327 2547 442 2603 obtusus
451 2548 517 2620 quia
528 2549 609 2622 longe
621 2548 747 2603 cernitur
759 2548 853 2603 omnir
865 2567 874 2609 ς

183 2626 248 2683 Sive
256 2627 340 2683 etiam
355 2627 447 2701 potius
460 2646 517 2682 noo
530 2628 654 2682 cernitur
665 2650 674 2692 ς
698 2647 729 2682 ac
740 2625 881 2701 peritejua

185 2707 285 2782 Plaga3
309 2725 360 2761 nec
370 2706 404 2761 ad
417 2706 520 2762 nostras
533 2706 603 2762 acies
616 2707 772 2780 perlabitur
785 2702 872 2759 idus:

179 2790 256 2842 Aera
267 2806 318 2862 per
328 2787 451 2842 muitum
461 2786 528 2861 quia
540 2785 611 2840 dum
626 2787 767 2864 [imuiacra
778 2783 918 2852 seruante,

181 2864 267 2941 Cogit
280 2865 420 2923 hebescere
433 2885 498 2922 euru
511 2865 615 2922 crebris
628 2863 776 2923 offensibus
790 2868 846 2920 a'er.

180 2946 270 3013 Hinc,
285 2946 335 3003 ubi
348 2943 463 3021 suffugit
474 2944 582 3000 sensum
597 2945 676 3001 fimul
688 2947 808 3022 angulus
817 2947 923 3013 omnis,

180 3027 237 3093 Fit,
251 3025 328 3101 quast
338 3041 444 3082 tornata
456 3041 488 3080 ut
497 3026 626 3080 saxorum
639 3022 735 3081 brutia
745 3040 876 3081 tuantur:

180 3107 249 3162 Non
263 3123 353 3162 tamen
367 3121 397 3161 ut
410 3124 504 3162 coram
517 3125 578 3179 que
592 3105 666 3171 sunt,
682 3124 799 3178 vereque
813 3105 945 3173 rotunda,
1048 3146 1052 3154 ·

181 3184 235 3242 Sed
247 3186 321 3262 quafi
334 3185 520 3242 adumbratim
534 3187 664 3261 paullum
680 3185 804 3240 fimulata
816 3185 961 3243 videntur·

227 3265 336 3323 Umbra
349 3265 460 3322 videtur
477 3268 544 3322 item
556 3265 638 3321 nobis
647 3267 677 3322 iu
690 3263 745 3319 sole
754 3265 872 3331 moveri,

183 3345 219 3401 Et
232 3345 344 3422 vestigia
357 3343 449 3404 nostra
461 3345 548 3420 sequi,
563 3343 855 3420 gestumqueirniteri3

515 3424 574 3488 Kr
832 3436 862 3443 ··
898 3419 976 3480 tm
