2359 3875
321 423 526 491 irruit
567 421 874 521 oururuu
932 424 992 514 re,

211 556 393 612 Commutare
405 557 486 613 novis
499 555 688 612 monstrabant
699 556 791 621 rebus,
806 569 833 610 et
845 554 917 630 igni,

210 636 330 711 Ingenio
342 637 393 711 qui
406 636 579 713 praellabant,
594 650 621 693 et
634 636 716 694 eorde
729 636 874 712 vigebant.

249 716 379 772 Condere
393 732 537 795 coeperunt
551 718 654 783 urbeis,
670 736 811 791 arcemque
824 719 913 773 locare

207 794 370 853 Praelidium
383 817 460 874 reges
472 798 523 873 ipsi
538 798 599 864 fibi,
617 797 850 873 perfugiumque,

207 874 242 931 Et
256 877 386 952 pecudes,
401 894 428 933 et
440 898 519 955 agros
531 878 660 945 divisere,
673 894 754 953 atque
767 876 868 933 dedere

206 954 260 1012 Pro
273 954 343 1013 facie
359 958 502 1034 cujusque,
518 974 544 1014 et
557 959 677 1026 viribus,
692 958 877 1033 ingenioque:

205 1036 278 1093 Nam
293 1036 376 1095 facies
384 1041 508 1096 multum
522 1039 624 1104 valuit,
640 1039 766 1113 viresque
781 1037 922 1113 vigebant.

206 1116 348 1175 Posterius
361 1138 404 1175 res
416 1115 574 1184 inventa'll,
585 1139 740 1195 aurumque
755 1133 910 1193 repertum,

205 1198 293 1273 Quod
303 1196 382 1257 facile
396 1214 423 1255 et
433 1199 534 1256 validis
547 1215 572 1254 et
584 1199 710 1276 pulchris
724 1199 819 1255 demit
832 1197 978 1253 honorem.

203 1277 357 1336 Divitioris
367 1279 444 1337 enim
458 1279 554 1336 sedam
570 1282 735 1357 plerumque
749 1280 904 1354 sequuntur

162 1372 164 1376 ’
204 1360 371 1435 Quamlibet
384 1375 411 1415 et
424 1358 520 1425 fortes,
535 1375 561 1416 et
572 1359 693 1436 pulchro
704 1377 822 1434 corpore
835 1356 916 1413 creti.

246 1439 339 1515 Quod
352 1440 435 1515 fiquis
448 1460 512 1496 vera
526 1443 614 1496 vitam
628 1443 735 1497 ratione
749 1440 895 1515 gubernet,

201 1518 318 1577 Divitiae
331 1519 448 1596 grandes
462 1518 573 1576 homini
584 1521 658 1587 lunt,
676 1521 769 1575 vivere
781 1537 864 1594 parce

203 1599 292 1675 AEquo
306 1601 413 1665 animm
432 1621 521 1676 neque
541 1596 781 1676 enim¹llunquam
788 1598 915 1677 penuria
926 1618 991 1675 par-

283 1703 327 1737 vr.

201 1760 339 1819 Acclaros
353 1762 378 1817 se
391 1760 518 1818 homines
531 1762 645 1817 voluere
658 1760 720 1827 elle,
736 1776 818 1837 atque
829 1762 981 1838 potenteis,

202 1840 242 1897 Ut
254 1840 440 1899 fundamento
454 1841 543 1897 {labili
558 1841 671 1899 fortuna
684 1856 817 1908 maneret,

200 1922 235 1976 Et
246 1922 386 1999 placidam
402 1920 508 1998 pollent
518 1924 646 1999 opulenti
659 1923 756 1999 degere
770 1923 858 1980 vitam
868 1945 875 1987 ς

201 2003 413 2080 Nequicquam:
430 2003 565 2078 quoniam
577 2004 613 2059 ad
626 2004 765 2060 summum
779 2002 919 2059 succedere
932 2001 985 2058 ho·

280 2102 381 2140 norem

199 2164 354 2227 Certamen,
367 2163 420 2222 iter
432 2161 562 2221 infellum
576 2163 663 2222 fecere
676 2164 746 2219 viai.
903 2219 909 2228 ,

198 2245 234 2300 Et
248 2259 341 2300 tamen
355 2265 369 2300 e
381 2244 493 2301 summo
505 2245 578 2320 quafi
589 2244 698 2307 fulmen
706 2244 802 2321 dejicit
815 2242 883 2302 iilos

202 2323 319 2381 Invidia
334 2324 651 2387 interdum²contemtim
665 2326 695 2381 in
709 2324 822 2383 Tartara
833 2340 917 2382 tetrae

199 2405 240 2462 Ut
253 2405 336 2461 satius
350 2406 441 2461 multo
448 2407 507 2481 jam
523 2406 553 2460 lrt
567 2425 662 2480 parere
674 2408 813 2481 quietum,

199 2487 295 2560 Quam
305 2505 398 2562 regere
411 2487 533 2560 imperio
544 2507 585 2542 res
599 2489 681 2552 velle',
697 2503 723 2543 et
736 2506 819 2563 regna
834 2503 935 2546 tenere.

198 2564 335 2632 Proinde,
349 2565 403 2622 fine
412 2563 546 2622 incallum
559 2565 650 2622 defelli
663 2567 795 2643 sanguine
809 2567 905 2625 ludent

198 2643 358 2721 Angustum
374 2667 424 2723 per
436 2647 490 2702 iter
502 2645 633 2703 ludentes
646 2647 823 2704 ambitionis:

196 2724 311 2782 Invidia
320 2728 454 2803 quoniam
466 2727 510 2783 seu
520 2725 638 2784 fulmine
652 2728 757 2784 summa
770 2743 908 2803 vaporant

197 2806 379 2882 Plerumque,
393 2822 419 2862 ct
432 2827 493 2882 quae
507 2807 571 2864 suut
583 2809 644 2864 aliis
656 2809 743 2884 magis
752 2807 824 2864 edita
837 2829 966 2884 cunque:

195 2884 436 2961 Quandoquidem
450 2887 564 2963 sapiunt·
572 2889 663 2945 alieno
677 2909 711 2944 ex
724 2907 783 2955 ore,
806 2905 963 2966 petuntque

198 2967 254 3022 Res
267 2966 413 3022 exauditis
427 2968 533 3043 potius,
547 2986 633 3041 quam
647 2969 765 3026 sensibus
778 2971 859 3048 ipsis:

197 3047 256 3103 Nec
268 3048 356 3122 magis
364 3047 393 3102 id
401 3045 530 3111 nuncell,
540 3067 589 3103 nec
600 3050 738 3117 critmox,
749 3051 895 3124 quamfuit
905 3068 980 3110 ante.

239 3127 315 3202 Ergo
329 3127 440 3204 regibus
453 3126 545 3183 oceilir
559 3127 685 3185 subversa
693 3130 801 3205 jacebat

195 3205 315 3263 Pristim
328 3206 451 3283 majestas
465 3207 609 3275 soliorum,
624 3224 651 3265 et
662 3209 765 3285 sceptra
779 3210 914 3286 superba;
965 3227 967 3231 ’

195 3287 231 3342 Et
243 3286 345 3363 capitit
360 3288 462 3344 summi
474 3289 639 3363 praeclarum
652 3288 757 3365 inligne
769 3308 917 3350 cruentum
966 3334 977 3351 2

195 3367 253 3424 Sub
262 3364 383 3457 pedibus
396 3367 473 3444 volgi
482 3382 616 3445 magnum
624 3370 736 3446 lugebat
743 3367 889 3429 bonorem.
905 3424 909 3431 ,
950 3394 954 3413 ¹
994 3372 998 3413 ἶ

264 3462 269 3495 ²
565 3450 617 3513 1²2
908 3453 990 3511 um
