2359 3875
280 406 784 480 murmurans,
873 429 928 499 a,

193 535 322 611 Denique
334 552 465 612 quattuor
476 556 510 593 ex
524 537 604 593 rebus
618 536 636 592 fi
650 533 746 592 euntia
759 547 897 601 creantur,

154 615 248 689 Atque
258 618 289 671 in
302 638 346 673 eas
359 617 467 673 rursum
482 638 523 673 res
532 617 627 672 omnia
639 615 840 680 diffolvuntur,
901 632 903 642 ·

156 696 215 770 Qui
225 697 313 771 magis
324 698 371 753 illa
384 712 489 770 queunt
502 717 595 752 rerum
610 694 765 771 primordia
774 695 841 760 dici,

155 776 356 849 Quameontra
369 797 410 831 res
420 778 547 841 illorum,
564 790 690 848 retroque
703 774 818 849 putari?
876 829 879 835 .

154 853 279 912 Alternis
293 858 451 931 gignuntur
463 856 551 921 enim,
566 868 730 927 mutantque
740 855 873 922 colorem,

157 934 189 987 Et
201 949 286 990 totam
295 935 369 991 inter
381 935 407 990 se
420 951 548 991 naturam
563 949 688 1008 tempore
699 933 732 988 ab
745 935 836 991 omni.

155 1012 202 1069 Sin
215 1014 256 1069 ita
269 1014 340 1069 forte
353 1029 445 1090 putat,
461 1015 545 1090 iguis,
561 1028 692 1086 terreque
705 1012 778 1068 eoire

157 1093 279 1169 Corpus,
295 1108 322 1149 et
334 1094 417 1149 aerias
429 1113 519 1158 auras,
534 1111 678 1167 roremque
692 1091 846 1165 liquorum,

156 1170 205 1228 Nil
216 1173 247 1228 in
260 1174 382 1228 concilio
394 1187 522 1228 naturam
535 1187 566 1228 ut
577 1186 665 1228 mutet
677 1191 792 1228 eornm:

156 1250 241 1307 Nulla
251 1252 306 1307 tibi
318 1271 352 1306 ex
361 1252 417 1307 illia
432 1253 535 1327 poterit
547 1271 588 1308 res
600 1250 650 1307 effe
659 1264 746 1306 creata
755 1262 777 1316 ς·

157 1329 435 1398 Nonanimans,n0n
444 1332 574 1388 exanimo
583 1328 653 1405 quid
663 1330 933 1404 corpore,utarbott

159 1410 281 1486 Quippe
294 1410 369 1465 snam
378 1411 503 1485 quidque
515 1411 545 1465 in
560 1425 633 1465 coetn
646 1410 780 1468 variantis
790 1409 881 1466 acervi

157 1488 294 1545 Naturam
307 1488 439 1555 ostendet,
453 1489 600 1565 mistusque
613 1488 755 1547 videbitur
766 1508 812 1546 aer
922 1548 925 1554 ,

158 1568 231 1624 Cum
245 1585 316 1625 terra
326 1569 415 1634 fimul,
431 1586 512 1645 atque
525 1568 609 1625 ardor
617 1589 681 1625 enm
694 1587 756 1626 rore
764 1588 890 1626 maneret
922 1593 926 1617 ··

158 1649 198 1703 At
212 1647 370 1723 primordia
380 1648 530 1724 gignundis
540 1650 570 1704 in
580 1650 661 1704 rebus
672 1663 783 1723 oportet

158 1726 295 1782 Naturam
308 1728 513 1794 clandessinam,
529 1747 685 1801 caecamque
697 1726 840 1794 adhibere,

160 1806 288 1862 Emineat
300 1806 417 1881 nequid,
432 1807 507 1881 quod
520 1822 616 1864 contra
629 1821 745 1882 pugnet,
757 1823 783 1863 et
796 1808 891 1877 obstet,

161 1886 228 1962 Quo
239 1888 334 1942 minus
343 1884 393 1942 effe
402 1902 484 1961 queat
495 1886 611 1962 proprie
620 1887 805 1962 quodcunque
815 1906 933 1946 creatur.

204 1965 288 2040 Quin
302 1969 387 2022 etiam
399 1981 528 2042 repetunt
537 1987 553 2022 a
561 1968 642 2031 cerlo,
654 1981 734 2040 atque
743 1964 936 2045 ignibur'ejnt,

164 2045 197 2099 Et
209 2046 334 2121 primum
347 2044 452 2101 faciunt
465 2047 557 2119 ignem
567 2045 593 2101 ie
603 2060 706 2101 vertere
719 2047 750 2101 in
763 2067 842 2104 auras

160 2125 261 2180 Aeris:
285 2125 351 2185 hinc
364 2125 480 2180 imbrem
493 2125 582 2200 gigni,
595 2141 749 2200 terramque
761 2128 846 2185 creari
882 2163 884 2167 v

165 2204 207 2260 Ex
220 2205 317 2269 imbri,
330 2221 483 2278 retroquea
498 2220 568 2262 terra
581 2203 678 2260 cundia
691 2206 801 2274 reverti,

164 2283 322 2339 Humorem
332 2284 469 2358 primum,
483 2281 542 2359 post
550 2303 624 2349 aera,
638 2283 737 2341 deinde
750 2287 881 2345 calorem:

98 2426 105 2438 .
124 2384 127 2391 ·
162 2363 221 2418 Nec
234 2361 332 2419 eeffare
341 2361 398 2418 haec
407 2362 479 2419 inter
488 2364 513 2418 se
525 2377 642 2429 mutare,
658 2382 748 2421 meare

166 2441 207 2497 De
220 2444 289 2500 roelo
299 2443 334 2498 ad
347 2456 460 2510 terram,
471 2443 506 2498 de
521 2457 589 2498 terra
599 2442 634 2500 ad
646 2443 727 2500 fidera
741 2447 856 2503 mundiz

167 2522 253 2596 Quod
265 2521 351 2578 faeere
364 2521 438 2579 haud
448 2523 505 2579 ullo
517 2522 617 2578 debent
630 2523 781 2598 primordia
791 2526 883 2600 padio.

169 2600 344 2659 Immutabile
356 2602 431 2658 enim
443 2601 577 2676 quiddam
590 2600 716 2676 superare
729 2600 880 2669 neceffe'str

168 2679 210 2743 Ne
223 2699 265 2736 res
274 2681 310 2739 ad
322 2680 445 2741 nihilum
459 2681 620 2757 redigantur
632 2680 759 2738 funditur
768 2700 875 2739 omnes.
930 2698 935 2711 ·
990 2680 993 2687 ’

168 2759 242 2815 Nam
251 2761 437 2834 quodcunque
450 2761 505 2817 suis
514 2775 649 2817 mutatum
663 2761 766 2818 finibus
778 2762 848 2830 exit,

169 2839 313 2899 Continuo
322 2839 376 2896 hoc
389 2859 463 2899 mors
476 2839 511 2896 est
525 2840 612 2905 illius,
628 2841 704 2915 quod
717 2841 772 2900 fuit
785 2858 859 2910 ante,

165 2919 361 2996 Quapropter,
373 2920 508 2997 quoniam
521 2939 580 2996 qnae
591 2922 686 2994 paullo
698 2921 824 2979 diximus
837 2937 911 2991 ante,

176 2997 210 3055 In
219 3015 422 3056 commutatum
435 2999 562 3065 veniunt,
579 2999 698 3055 constare
710 2997 854 3061 neceffe'st'

171 3082 214 3138 Ex
224 3080 287 3137 aliis
300 3099 341 3146 ea,
357 3100 417 3156 quae
430 3093 566 3156 nequeant
576 3080 733 3136 convertier
745 3101 886 3157 unquam:
912 3116 914 3120 ·

172 3161 215 3218 Ne
226 3160 278 3215 tibi
292 3179 334 3215 rer
346 3159 458 3216 redeant
471 3157 505 3214 ad
515 3158 607 3214 nilum
620 3156 749 3215 funditus
760 3180 873 3218 omnen:

174 3238 255 3317 Qpin
264 3240 359 3315 potius
374 3238 421 3294 tali
430 3252 530 3294 natura
543 3237 659 3314 predita
671 3238 797 3313 quaedam

172 3318 301 3394 Corpora
312 3317 470 3385 constituas,
485 3316 578 3393 ignem
590 3317 609 3373 {i
619 3315 690 3376 forte
704 3319 833 3389 errarint,
848 3378 850 3382 ,
894 3340 897 3345 ·
934 3340 936 3346 ’

830 3396 839 3423 ”
871 3397 957 3460 Νι
