2359 3875
253 428 304 503 ιι
409 414 889 487 naucrarrr·

251 542 323 610 Nec,
341 559 402 616 quar
416 541 465 598 sub
478 541 567 598 sensus
579 543 658 599 cadat
670 546 728 601 ullo
740 559 866 620 tempore
878 544 993 608 nostras,

249 621 444 688 Nec,.ratione
456 623 543 677 auimi
557 643 642 697 quam
655 625 801 699 quisquam
815 625 896 699 poffit
908 625 1010 699 apisci.

250 701 502 775 Namquaecunque
510 703 612 768 cluent,
620 721 668 759 aut
677 703 791 760 hiscou
799 725 930 780 Juncrs
940 704 1049 759 duabus

251 782 348 838 Rebus
361 800 391 835 ea
404 781 546 846 invenies3
563 781 724 840 authorum
741 804 873 840 uvaura
889 782 1011 838 videbis.

251 859 442 936 Οοιι]ιιιιὲ“ιιιιιι
454 860 490 915 est
500 860 529 915 id
533 863 628 936 ,quod
641 882 785 938 nunquam
798 864 851 918 fine
864 862 1011 939 perniciali

251 939 380 997 Discidio
395 940 468 1015 potis
481 940 516 995 est
530 941 648 1017 sejungi,
663 943 740 1017 seque
750 942 872 1017 gregori:

250 1020 367 1078 Pondus
381 1019 422 1075 uti
437 1019 515 1084 saxis,
532 1021 608 1076 calor
621 1022 742 1098 ignibus,
758 1023 852 1112 liquor
864 1020 957 1095 aquai,

250 1100 353 1158 Tadius
366 1101 533 1173 corporibus
546 1100 661 1167 cunctis,
677 1100 814 1158 intactus
807 1102 899 1157 mani.

254 1179 403 1238 Servitium
416 1194 521 1247 contra,
536 1180 656 1248 libertas,
671 1181 842 1255 divitiasque,

253 1263 416 1334 Paupertas,
431 1259 547 1324 bellurn,
562 1261 722 1325 concordia,
737 1275 842 1325 catera,
855 1279 990 1333 quorum-

254 1340 387 1396 Advcntu
402 1354 494 1394 manet
507 1340 656 1396 incolumis
669 1357 780 1407 natura,
795 1341 938 1413 abituquc,

251 1421 320 1476 Haec
334 1419 405 1475 soliti
420 1418 522 1484 sumus,
539 1434 570 1474 ut
583 1439 635 1493 par
646 1420 693 1485 est,
710 1438 843 1475 rvrurn
861 1438 971 1474 vocare.

296 1500 420 1573 Tempus
434 1499 500 1552 item
514 1499 598 1574 perse
611 1498 726 1562 nonest,
743 1499 786 1554 sed
801 1502 881 1555 rebus
893 1500 926 1572 ab
941 1497 1005 1571 ipsis

256 1578 445 1651 Consequitur
459 1576 558 1643 sensus,
573 1579 734 1633 transadium
748 1579 817 1652 quid
830 1578 879 1633 sit
873 1599 902 1632 ιιι
916 1596 985 1640 aeto,

253 1660 332 1715 Tum
345 1678 404 1731 quae
417 1676 458 1711 res
467 1656 562 1721 instet
585 1658 655 1731 quid
670 1678 755 1732 porro
765 1659 863 1712 deinde
878 1658 1020 1744 sequatur:
1061 1711 1065 1720 ,

254 1740 315 1794 Nec
329 1757 379 1812 per
389 1737 414 1792 se
423 1756 589 1810 quemquam
603 1759 729 1794 rrurus
743 1739 840 1793 sentire
854 1730 975 1793 fatendu
979 1734 999 1788 st

256 1820 399 1876 Semoturn
413 1817 446 1871 ab
457 1836 548 1871 rerum
562 1832 652 1883 motu,
667 1817 829 1892 placidaque
843 1818 944 1892 quiere

298 1897 427 1971 Denique
439 1896 632 1973 Tyndaridem
645 1912 764 1972 raptam
781 1899 906 1972 belloque
919 1892 1040 1950 subac'lar

254 1980 429 2054 Trojugcnas
442 1979 545 2052 genteis
559 1996 623 2032 cum
638 1977 737 2033 dicunt
751 1970 999 2044 effe,v1dendust

255 2060 301 2115 Nc
313 2057 384 2113 forte
397 2056 451 2113 haec
462 2077 512 2133 per
525 2058 561 2123 se,
576 2072 676 2133 cogant
686 2078 746 2123 nos,
762 2057 812 2113 effe
827 2056 918 2112 fateri:

256 2137 381 2215 Quando
388 2156 416 2191 ca
423 2134 659 2203 sccclahorninum,
669 2157 788 2210 quorum
797 2137 853 2192 haec
863 2148 959 2191 eventa
965 2134 1040 2190 fuere

257 2216 451 2273 Irrevocabilis
465 2216 668 2292 abstuleritjam
684 2219 820 2293 praeterita
835 2228 906 2271 aetas‘.

256 2298 384 2369 Namque
397 2295 474 2350 aliud
488 2297 580 2361 rebus,
596 2297 673 2351 aliud
687 2297 846 2372 regionibus
860 2296 923 2370 ipsis

256 2376 419 2433 Evrurusr
435 2374 491 2429 dici
503 2376 616 2451 poterit,
632 2377 819 2450 quodcunque
832 2391 884 2431 crit
897 2374 997 2430 adum.

300 2454 428 2528 Denique
441 2456 568 2511 materies
582 2456 599 2509 st
614 2476 705 2510 rerum
719 2458 797 2511 nulla
809 2454 911 2520 fuilset,

256 2535 316 2591 Nec
330 2535 415 2599 locus,
432 2555 461 2589 ac
475 2534 603 2609 spatium,
617 2555 657 2589 res
668 2536 696 2589 iu
707 2556 763 2609 quo
773 2556 885 2610 quaeque
895 2549 1040 2609 geruntur,

258 2616 412 2688 Nunquam
424 2614 597 2692 Tyndaridis
610 2614 704 2670 forma
718 2617 852 2671 conflatus
864 2633 957 2669 amore

258 2695 336 2770 Ignis
349 2694 503 2748 Alexandri
518 2692 643 2771 Phrygio
658 2694 705 2750 sub
721 2695 828 2770 pectore
840 2694 952 2769 gliscens

256 2771 509 2828 Glaraaccendiiset
523 2773 582 2829 saevi
598 2775 837 2831 certaminabclii:

256 2853 315 2908 Nec
331 2853 401 2906 clam
414 2852 542 2907 durateus
554 2852 651 2927 Trojai
665 2854 798 2929 Pergama
811 2870 894 2930 partu

261 2930 465 2987 Imflammaffet
478 2951 563 3003 equus
576 2932 712 2988 nodumo
726 2935 966 3010 Grajugcuarum:
994 2966 998 2975 ·

256 3011 414 3085 Perspicere
428 3026 458 3065 ut
471 3010 550 3085 poffis
563 3030 604 3066 res
619 3011 698 3086 gestas
712 3012 837 3068 funditus
850 3016 967 3079 omneis,

256 3091 325 3146 Non
339 3091 377 3145 ita
390 3089 432 3144 uti
445 3109 569 3145 corvus
587 3111 637 3165 per
650 3091 673 3146 sc
686 3093 818 3158 conflare,
834 3115 884 3149 nec
897 3095 962 3152 effe:

258 3170 318 3223 Nec
333 3170 439 3224 ratione
453 3170 543 3225 cluere
555 3171 660 3237 eadem,
676 3193 730 3246 qua
742 3172 844 3229 conflat
860 3196 979 3234 ruitur:

256 3248 310 3306 Sed
324 3249 410 3323 magis
423 3263 454 3304 ut
467 3249 564 3304 merito
577 3250 658 3325 postis
671 3273 802 3309 rvrurn
821 3275 918 3311 vocare

256 3329 405 3404 Corporis,
419 3343 500 3403 atque
514 3329 579 3395 loci,
596 3349 637 3385 res
651 3331 681 3386 iu
695 3351 750 3405 quo
764 3352 876 3410 quaeque
891 3354 1033 3411 gerantur.

919 3419 1047 3496 Corpora
