2359 3875
259 428 328 517 ηε
435 395 907 496 ruocrrrrr

259 550 373 609 Horum
386 566 514 610 naturam
528 553 682 629 triplicem,
698 553 752 608 tria
761 570 892 628 corpora,
908 548 1041 617 Memmi,

259 630 343 688 Treis
356 631 455 708 species
468 634 695 699 tamdiffimileis‚
710 632 763 689 tria
776 634 840 689 talia
854 646 939 697 texta,

260 707 398 769 Una-dies
409 713 489 770 dabit
500 715 605 779 exitio,
628 713 784 787 multosque
792 732 844 789 per
856 731 945 769 anuos

258 790 410 850 Sustentata
418 808 485 851 vruet
494 797 579 851 moles
592 809 620 849 et
632 791 761 850 machina
772 790 884 849 mundi.
902 835 906 840 .

257 870 465 931 Ne'e'meauimi
476 874 558 940 fallit,
567 893 651 949 quam
659 891 790 938 remora,
805 874 931 947 miraque
942 870 1043 939 menti,

256 950 386 1018 Atridae,
399 955 518 1012 exitium
532 955 594 1011 coeli
608 968 741 1028 terraeque
752 951 892 1017 futurum,

258 1029 296 1085 Et
308 1051 392 1107 quam
405 1032 517 1092 difficile
529 1034 560 1092 id
573 1031 645 1091 mihi
656 1033 688 1089 fit
701 1032 861 1109 pervincere
873 1027 971 1088 dietis?

256 1108 356 1180 Utfir,
370 1114 421 1171 ubi
435 1115 577 1173 insolitam
590 1134 649 1171 rem
659 1113 789 1190 adportes
798 1113 914 1182 auribus
925 1125 998 1180 aute,

257 1190 318 1249 Nec
331 1209 418 1251 tamen
433 1194 505 1253 hane
515 1194 598 1271 pollis
611 1195 758 1251 oculorum
771 1193 885 1251 subdere
899 1190 970 1258 visu,

256 1270 317 1328 Nec
321 1275 411 1350 jacere
421 1276 493 1333 indu
507 1296 617 1354 manua,
629 1276 674 1331 via
686 1295 741 1351 qua
754 1275 863 1331 munita
873 1271 938 1330 fidei

258 1351 651 1414 Proximaferthumanumiu
663 1354 768 1431 pessus,
778 1355 937 1430 templaque
946 1351 1060 1408 mentis.

258 1431 311 1489 Sed
324 1447 415 1491 tumen
429 1435 549 1494 effabor:
565 1435 648 1493 dietis
656 1435 736 1491 dabit
748 1435 807 1512 ipsa
819 1435 905 1491 fidem
919 1451 962 1489 ret

258 1513 394 1583 Fo'rfitam
409 1529 436 1571 et
448 1518 570 1592 graviter
582 1527 719 1573 terrarum
733 1516 857 1571 motibus
871 1513 949 1570 orbis

258 1590 369 1650 Omnia
378 1596 549 1670 conquassari
565 1598 596 1653 in
610 1614 697 1673 parvo
711 1610 836 1672 tempore
847 1610 957 1650 cernes:

257 1673 486 1749 Quod-procula
498 1678 580 1735 nobis
593 1676 681 1735 fleetat
693 1675 805 1733 fortune
813 1675 987 1751 gubernante

257 1751 295 1806 Et
307 1755 378 1830 ratio
384 1757 498 1831 potius,
512 1751 598 1833 quarn
608 1777 649 1815 res
662 1753 910 1834 persuadeat-ipb‚-
972 1801 975 1806 .

257 1832 405 1892 Succidere
418 1835 562 1895 horrisono
575 1838 651 1914 posse
664 1836 758 1904 omnia
770 1834 841 1893 vieta
853 1832 974 1911 bagme,

302 1915 370 1991 Qua
382 1919 462 1993 prius
473 1917 621 1996 aggrediar
630 1938 713 1996 quam
726 1915 762 1972 de
775 1935 803 1972 re
816 1914 998 1974 sunderesata

256 1993 391 2066 sanetius,
407 1994 433 2054 e'r
443 2003 533 2057 multo
546 2014 618 2056 certa
629 2001 735 2056 ratione
747 1997 835 2072 magis
847 2014 933 2072 quam
950 2036 953 2042 -

256 2073 369 2153 Pythia,
385 2096 447 2153 quae
460 2081 573 2154 tripode
585 2100 601 2134 e
614 2078 724 2143 Phoebi,
740 2079 874 2152 lauroque
884 2074 1024 2152 profatur.

222 2222 227 2233 Ι
255 2154 348 2212 Multa
361 2159 413 2214 tibi
428 2159 574 2233 expediam
588 2159 675 2214 does-is
688 2157 782 2212 solatia
796 2155 896 2223 didita
958 2174 961 2181 ·

256 2235 417 2312 Relligioue
430 2238 585 2295 refraenatur
594 2258 634 2293 ‘ne
646 2238 716 2294 sorte
728 2237 824 2302 rearis,

253 2312 366 2382 Terram
381 2318 511 2385 etsolem,
524 2319 635 2384 eoelum,
650 2336 737 2382 mare,
752 2315 846 2382 sidera,
860 2317 973 2386 lunam,

254 2392 383 2470 Corpore
396 2396 493 2452 divino
507 2398 606 2454 debere
620 2412 719 2454 aeterna
731 2414 859 2463 monerer

253 2472 460 2554 Proptereaque
473 2492 553 2555 putes
563 2479 621 2534 ritu
635 2498 686 2554 par
697 2475 747 2532 else
760 2477 929 2553 Gigantum,

253 2552 378 2614 Pendere
388 2578 433 2615 eos
445 2578 538 2634 poenas
550 2550 668 2615 immani
683 2577 736 2632 pro
749 2556 844 2618 scelere
855 2558 973 2626 omneis,

254 2635 316 2713 Qui
330 2639 436 2695 ratione
447 2639 494 2695 sua
506 2639 662 2696 disturbent
675 2637 777 2697 moeuia
789 2638 903 2706 mundi,

252 2715 475 2796 Praeclarumque
489 2721 578 2774 velint
588 2720 648 2799 eceli
661 2717 825 2792 restinguere
835 2717 933 2786 lolem,

252 2795 429 2855 Immortalia
443 2801 553 2854 mortali
567 2800 839 2855 sermonenotantes.

253 2876 326 2952 Quae
336 2880 435 2952 procus
449 2878 602 2953 usqueadeo
614 2879 717 2934 divino
724 2879 760 2933 ab
772 2879 891 2934 numine
903 2877 1016 2947 dissent,

252 2956 343 3030 Inque
356 2957 440 3013 deum
454 2978 574 3014 numero
587 2959 620 3014 suc
635 2958 697 3013 sunt
707 2957 826 3033 indigna
837 2958 938 3025 videri,

250 3036 389 3092 Notitiam
406 3040 499 3112 potius
513 3039 634 3113 praebere
647 3053 679 3095 ut
692 3037 767 3112 polle
776 3052 920 3112 putentur,

252 3115 336 3191 Quid
346 3117 377 3171 fit
390 3120 470 3174 vitali
483 3133 573 3185 motu,
589 3117 718 3192 sensuque
732 3134 883 3174 remotum.

251 3196 373 3273 Quippe
386 3200 487 3254 etenim
501 3219 559 3256 non
573 3198 609 3265 es}
619 3219 684 3255 cum
694 3197 793 3271 quovis
808 3217 923 3276 corpore
936 3217 966 3258 ut
975 3199 1024 3258 else

249 3275 327 3333 Posse
340 3279 427 3334 animi
440 3294 540 3336 natura
554 3293 678 3355 putetur,
689 3276 903 3355 consiliumque.

246 3358 325 3418 SIcut
337 3357 369 3416 iu
383 3357 550 3420 ethereum
564 3361 657 3429 arbor,
673 3377 723 3418 nec
737 3357 766 3413 in
781 3377 892 3434 aequore
905 3361 972 3420 salso

941 3442 1035 3499 Nubes
