<?xml version="1.0" encoding="UTF-8"?>
<!DOCTYPE html PUBLIC "-//W3C//DTD XHTML 1.0 Transitional//EN"
    "http://www.w3.org/TR/xhtml1/DTD/xhtml1-transitional.dtd">
<html xmlns="http://www.w3.org/1999/xhtml" xml:lang="en" lang="en">
 <head>
  <title>
</title>
<meta http-equiv="Content-Type" content="text/html;charset=utf-8" />
  <meta name='ocr-system' content='tesseract 3.04.00' />
  <meta name='ocr-capabilities' content='ocr_page ocr_carea ocr_par ocr_line ocrx_word'/>
</head>
<body>
  <div class='ocr_page' id='page_1' title='image "./titilucretiicar03carugoog_0105.png"; bbox 0 0 2359 3875; ppageno 0'>
   <div class='ocr_carea' id='block_1_1' title="bbox 308 423 976 517">
    <p class='ocr_par' dir='ltr' id='par_1_1' title="bbox 308 423 976 517">
     <span class='ocr_line' id='line_1_1' title="bbox 308 423 976 517; baseline 0.001 -22"><span class='ocrx_word' id='word_1_1' title='bbox 308 424 511 497; x_wconf 79' lang='lat' dir='ltr'><em>L&#39;IBER</em></span> <span class='ocrx_word' id='word_1_2' title='bbox 544 423 827 497; x_wconf 84' lang='lat' dir='ltr'><em>TERTIUS.</em></span> <span class='ocrx_word' id='word_1_3' title='bbox 932 450 976 517; x_wconf 85' lang='lat'>99</span> 
     </span>
    </p>
   </div>
   <div class='ocr_carea' id='block_1_2' title="bbox 184 553 980 2314">
    <p class='ocr_par' dir='ltr' id='par_1_2' title="bbox 184 553 980 2314">
     <span class='ocr_line' id='line_1_2' title="bbox 184 553 921 631; baseline -0.008 -18"><span class='ocrx_word' id='word_1_4' title='bbox 184 553 359 631; x_wconf 85' lang='lat' dir='ltr'>Ambigitur</span> <span class='ocrx_word' id='word_1_5' title='bbox 369 554 465 621; x_wconf 67' lang='lat' dir='ltr'>statutt</span> <span class='ocrx_word' id='word_1_6' title='bbox 490 554 522 610; x_wconf 89' lang='lat' dir='ltr'>in</span> <span class='ocrx_word' id='word_1_7' title='bbox 535 576 593 631; x_wconf 91' lang='lat' dir='ltr'>quo</span> <span class='ocrx_word' id='word_1_8' title='bbox 607 555 638 611; x_wconf 86' lang='lat' dir='ltr'>fit</span> <span class='ocrx_word' id='word_1_9' title='bbox 651 556 815 611; x_wconf 81' lang='lat' dir='ltr'><strong>mortalibus</strong></span> <span class='ocrx_word' id='word_1_10' title='bbox 828 553 921 609; x_wconf 86' lang='lat' dir='ltr'>omnis</span> 
     </span>
     <span class='ocr_line' id='line_1_3' title="bbox 187 633 960 711; baseline -0.008 -18"><span class='ocrx_word' id='word_1_11' title='bbox 187 639 265 693; x_wconf 79' lang='lat' dir='ltr'>AEtas</span> <span class='ocrx_word' id='word_1_12' title='bbox 280 634 342 711; x_wconf 77' lang='lat' dir='ltr'>posi</span> <span class='ocrx_word' id='word_1_13' title='bbox 355 651 487 700; x_wconf 85' lang='lat' dir='ltr'>mortem,</span> <span class='ocrx_word' id='word_1_14' title='bbox 502 654 563 709; x_wconf 84' lang='lat' dir='ltr'>quae</span> <span class='ocrx_word' id='word_1_15' title='bbox 577 634 655 692; x_wconf 84' lang='lat' dir='ltr'>restat</span> <span class='ocrx_word' id='word_1_16' title='bbox 667 654 798 710; x_wconf 82' lang='lat' dir='ltr'>cumque,</span> <span class='ocrx_word' id='word_1_17' title='bbox 811 633 960 689; x_wconf 84' lang='lat' dir='ltr'>manenda.</span> 
     </span>
     <span class='ocr_line' id='line_1_4' title="bbox 233 714 945 791; baseline -0.003 -20"><span class='ocrx_word' id='word_1_18' title='bbox 233 715 366 790; x_wconf 85' lang='lat' dir='ltr'>Denique</span> <span class='ocrx_word' id='word_1_19' title='bbox 377 730 517 791; x_wconf 83' lang='lat' dir='ltr'><strong>tantopere</strong></span> <span class='ocrx_word' id='word_1_20' title='bbox 529 716 560 771; x_wconf 88' lang='lat' dir='ltr'>in</span> <span class='ocrx_word' id='word_1_21' title='bbox 572 715 669 772; x_wconf 84' lang='lat' dir='ltr'>dubiis</span> <span class='ocrx_word' id='word_1_22' title='bbox 682 714 822 790; x_wconf 86' lang='lat' dir='ltr'>trepidare</span> <span class='ocrx_word' id='word_1_23' title='bbox 834 714 945 791; x_wconf 84' lang='lat' dir='ltr'>periclis</span> 
     </span>
     <span class='ocr_line' id='line_1_5' title="bbox 187 794 838 873; baseline -0.003 -20"><span class='ocrx_word' id='word_1_24' title='bbox 187 797 266 873; x_wconf 76' lang='lat' dir='ltr'>Quae</span> <span class='ocrx_word' id='word_1_25' title='bbox 278 797 351 852; x_wconf 83' lang='lat' dir='ltr'>mala</span> <span class='ocrx_word' id='word_1_26' title='bbox 362 815 414 852; x_wconf 77' lang='lat' dir='ltr'>not</span> <span class='ocrx_word' id='word_1_27' title='bbox 428 794 529 871; x_wconf 85' lang='lat' dir='ltr'>subigit</span> <span class='ocrx_word' id='word_1_28' title='bbox 542 794 610 869; x_wconf 80' lang='lat' dir='ltr'>vitai</span> <span class='ocrx_word' id='word_1_29' title='bbox 622 810 697 852; x_wconf 88' lang='lat' dir='ltr'>tanta</span> <span class='ocrx_word' id='word_1_30' title='bbox 709 794 838 871; x_wconf 82' lang='lat' dir='ltr'>cupido?</span> 
     </span>
     <span class='ocr_line' id='line_1_6' title="bbox 187 875 853 952; baseline -0.002 -21"><span class='ocrx_word' id='word_1_31' title='bbox 187 878 277 932; x_wconf 80' lang='lat' dir='ltr'>Certa</span> <span class='ocrx_word' id='word_1_32' title='bbox 291 875 406 952; x_wconf 91' lang='lat' dir='ltr'>quidem</span> <span class='ocrx_word' id='word_1_33' title='bbox 420 876 485 932; x_wconf 85' lang='lat' dir='ltr'>finis</span> <span class='ocrx_word' id='word_1_34' title='bbox 499 876 563 932; x_wconf 73' lang='lat' dir='ltr'>vite</span> <span class='ocrx_word' id='word_1_35' title='bbox 575 876 739 933; x_wconf 76' lang='lat' dir='ltr'>mortalibus</span> <span class='ocrx_word' id='word_1_36' title='bbox 752 875 853 940; x_wconf 85' lang='lat' dir='ltr'>adstat;</span> 
     </span>
     <span class='ocr_line' id='line_1_7' title="bbox 185 954 833 1032; baseline -0.005 -19"><span class='ocrx_word' id='word_1_37' title='bbox 185 958 251 1013; x_wconf 84' lang='lat' dir='ltr'>Nec</span> <span class='ocrx_word' id='word_1_38' title='bbox 265 956 384 1012; x_wconf 87' lang='lat' dir='ltr'><strong>devitari</strong></span> <span class='ocrx_word' id='word_1_39' title='bbox 395 954 505 1011; x_wconf 83' lang='lat' dir='ltr'>lethum</span> <span class='ocrx_word' id='word_1_40' title='bbox 518 971 595 1032; x_wconf 81' lang='lat' dir='ltr'>pote,</span> <span class='ocrx_word' id='word_1_41' title='bbox 610 956 680 1031; x_wconf 85' lang='lat' dir='ltr'>quin</span> <span class='ocrx_word' id='word_1_42' title='bbox 693 956 833 1012; x_wconf 80' lang='lat' dir='ltr'>obeamus.</span> 
     </span>
     <span class='ocr_line' id='line_1_8' title="bbox 233 1034 977 1112; baseline -0.003 -19"><span class='ocrx_word' id='word_1_43' title='bbox 233 1037 378 1102; x_wconf 81' lang='lat' dir='ltr'>Praeterea,</span> <span class='ocrx_word' id='word_1_44' title='bbox 401 1034 545 1093; x_wconf 76' lang='lat' dir='ltr'>versamur</span> <span class='ocrx_word' id='word_1_45' title='bbox 556 1036 675 1102; x_wconf 80' lang='lat' dir='ltr'><strong>ibidem,</strong></span> <span class='ocrx_word' id='word_1_46' title='bbox 699 1050 781 1112; x_wconf 85' lang='lat' dir='ltr'>atque</span> <span class='ocrx_word' id='word_1_47' title='bbox 796 1035 919 1093; x_wconf 84' lang='lat' dir='ltr'>insumus</span> <span class='ocrx_word' id='word_1_48' title='bbox 932 1036 977 1093; x_wconf 90' lang='lat' dir='ltr'>us-</span> 
     </span>
     <span class='ocr_line' id='line_1_9' title="bbox 316 1135 386 1191; baseline -0.014 -18"><span class='ocrx_word' id='word_1_49' title='bbox 316 1135 386 1191; x_wconf 85' lang='lat' dir='ltr'>que:</span> 
     </span>
     <span class='ocr_line' id='line_1_10' title="bbox 187 1195 938 1274; baseline -0.004 -19"><span class='ocrx_word' id='word_1_50' title='bbox 187 1200 250 1255; x_wconf 86' lang='lat' dir='ltr'>Nec</span> <span class='ocrx_word' id='word_1_51' title='bbox 263 1217 336 1254; x_wconf 87' lang='lat' dir='ltr'>nova</span> <span class='ocrx_word' id='word_1_52' title='bbox 350 1197 472 1254; x_wconf 87' lang='lat' dir='ltr'>vivendo</span> <span class='ocrx_word' id='word_1_53' title='bbox 485 1195 653 1274; x_wconf 85' lang='lat' dir='ltr'>procuditur</span> <span class='ocrx_word' id='word_1_54' title='bbox 663 1198 721 1252; x_wconf 83' lang='lat' dir='ltr'>ulla</span> <span class='ocrx_word' id='word_1_55' title='bbox 731 1197 875 1273; x_wconf 83' lang='lat' dir='ltr'>voluptas.</span> <span class='ocrx_word' id='word_1_56' title='bbox 936 1237 938 1242; x_wconf 87' lang='lat'><em>-</em></span> 
     </span>
     <span class='ocr_line' id='line_1_11' title="bbox 188 1276 980 1352; baseline -0.005 -15"><span class='ocrx_word' id='word_1_57' title='bbox 188 1280 244 1337; x_wconf 85' lang='lat' dir='ltr'>Sed</span> <span class='ocrx_word' id='word_1_58' title='bbox 255 1279 326 1335; x_wconf 89' lang='lat' dir='ltr'>dum</span> <span class='ocrx_word' id='word_1_59' title='bbox 337 1277 419 1343; x_wconf 79' lang='lat' dir='ltr'>abest,</span> <span class='ocrx_word' id='word_1_60' title='bbox 433 1278 509 1352; x_wconf 89' lang='lat' dir='ltr'>quod</span> <span class='ocrx_word' id='word_1_61' title='bbox 518 1296 642 1343; x_wconf 81' lang='lat' dir='ltr'>avemus,</span> <span class='ocrx_word' id='word_1_62' title='bbox 655 1276 685 1331; x_wconf 92' lang='lat' dir='ltr'>id</span> <span class='ocrx_word' id='word_1_63' title='bbox 694 1276 859 1351; x_wconf 76' lang='lat' dir='ltr'>exsuperare</span> <span class='ocrx_word' id='word_1_64' title='bbox 869 1277 980 1335; x_wconf 85' lang='lat' dir='ltr'>videtur</span> 
     </span>
     <span class='ocr_line' id='line_1_12' title="bbox 186 1356 954 1433; baseline -0.001 -19"><span class='ocrx_word' id='word_1_65' title='bbox 186 1361 312 1415; x_wconf 79' lang='lat' dir='ltr'>Caetera:</span> <span class='ocrx_word' id='word_1_66' title='bbox 338 1356 398 1433; x_wconf 75' lang='lat' dir='ltr'>poss</span> <span class='ocrx_word' id='word_1_67' title='bbox 412 1356 501 1423; x_wconf 75' lang='lat' dir='ltr'>aliud,</span> <span class='ocrx_word' id='word_1_68' title='bbox 517 1376 581 1412; x_wconf 89' lang='lat' dir='ltr'>cum</span> <span class='ocrx_word' id='word_1_69' title='bbox 596 1356 716 1432; x_wconf 83' lang='lat' dir='ltr'>contigit</span> <span class='ocrx_word' id='word_1_70' title='bbox 728 1356 811 1421; x_wconf 86' lang='lat' dir='ltr'>illud,</span> <span class='ocrx_word' id='word_1_71' title='bbox 826 1376 954 1427; x_wconf 79' lang='lat' dir='ltr'>avemus3</span> 
     </span>
     <span class='ocr_line' id='line_1_13' title="bbox 187 1434 820 1511; baseline -0.006 -16"><span class='ocrx_word' id='word_1_72' title='bbox 187 1440 224 1495; x_wconf 82' lang='lat' dir='ltr'>Et</span> <span class='ocrx_word' id='word_1_73' title='bbox 241 1438 296 1493; x_wconf 86' lang='lat' dir='ltr'>sitis</span> <span class='ocrx_word' id='word_1_74' title='bbox 309 1456 385 1511; x_wconf 83' lang='lat' dir='ltr'>aequa</span> <span class='ocrx_word' id='word_1_75' title='bbox 399 1451 474 1495; x_wconf 87' lang='lat' dir='ltr'>tenet</span> <span class='ocrx_word' id='word_1_76' title='bbox 486 1435 553 1495; x_wconf 86' lang='lat' dir='ltr'>vitai</span> <span class='ocrx_word' id='word_1_77' title='bbox 568 1434 672 1511; x_wconf 86' lang='lat' dir='ltr'>semper</span> <span class='ocrx_word' id='word_1_78' title='bbox 685 1434 820 1492; x_wconf 86' lang='lat' dir='ltr'>hianteis:</span> 
     </span>
     <span class='ocr_line' id='line_1_14' title="bbox 187 1512 968 1592; baseline -0.003 -15"><span class='ocrx_word' id='word_1_79' title='bbox 187 1517 355 1592; x_wconf 79' lang='lat' dir='ltr'>Posteraque</span> <span class='ocrx_word' id='word_1_80' title='bbox 364 1517 395 1573; x_wconf 87' lang='lat' dir='ltr'>in</span> <span class='ocrx_word' id='word_1_81' title='bbox 409 1512 530 1573; x_wconf 85' lang='lat' dir='ltr'>dubio‘st</span> <span class='ocrx_word' id='word_1_82' title='bbox 542 1514 685 1574; x_wconf 81' lang='lat' dir='ltr'>fortunam</span> <span class='ocrx_word' id='word_1_83' title='bbox 699 1535 783 1590; x_wconf 85' lang='lat' dir='ltr'>quam</span> <span class='ocrx_word' id='word_1_84' title='bbox 798 1514 878 1573; x_wconf 87' lang='lat' dir='ltr'>vehat</span> <span class='ocrx_word' id='word_1_85' title='bbox 891 1533 968 1584; x_wconf 64' lang='grc' dir='ltr'>κως</span> 
     </span>
     <span class='ocr_line' id='line_1_15' title="bbox 188 1595 902 1676; baseline 0.001 -23"><span class='ocrx_word' id='word_1_86' title='bbox 188 1596 307 1676; x_wconf 71' lang='lat' dir='ltr'>Quidve</span> <span class='ocrx_word' id='word_1_87' title='bbox 318 1596 386 1653; x_wconf 80' lang='lat' dir='ltr'>serat</span> <span class='ocrx_word' id='word_1_88' title='bbox 398 1598 479 1653; x_wconf 88' lang='lat' dir='ltr'>nobis</span> <span class='ocrx_word' id='word_1_89' title='bbox 493 1596 584 1661; x_wconf 68' lang='lat' dir='ltr'>casust</span> <span class='ocrx_word' id='word_1_90' title='bbox 608 1595 693 1670; x_wconf 88' lang='lat' dir='ltr'>quive</span> <span class='ocrx_word' id='word_1_91' title='bbox 706 1597 796 1652; x_wconf 86' lang='lat' dir='ltr'>exitus</span> <span class='ocrx_word' id='word_1_92' title='bbox 810 1596 902 1654; x_wconf 86' lang='lat' dir='ltr'>insset.</span> 
     </span>
     <span class='ocr_line' id='line_1_16' title="bbox 232 1675 963 1752; baseline 0.005 -19"><span class='ocrx_word' id='word_1_93' title='bbox 232 1678 292 1733; x_wconf 89' lang='lat' dir='ltr'>Nec</span> <span class='ocrx_word' id='word_1_94' title='bbox 305 1676 447 1752; x_wconf 82' lang='lat' dir='ltr'>prorsum,</span> <span class='ocrx_word' id='word_1_95' title='bbox 463 1676 551 1732; x_wconf 83' lang='lat' dir='ltr'>vitam</span> <span class='ocrx_word' id='word_1_96' title='bbox 564 1675 704 1741; x_wconf 84' lang='lat' dir='ltr'>ducendo,</span> <span class='ocrx_word' id='word_1_97' title='bbox 719 1676 856 1734; x_wconf 81' lang='lat' dir='ltr'>demimus</span> <span class='ocrx_word' id='word_1_98' title='bbox 869 1677 963 1737; x_wconf 86' lang='lat' dir='ltr'>hilum</span> 
     </span>
     <span class='ocr_line' id='line_1_17' title="bbox 186 1756 882 1833; baseline 0 -18"><span class='ocrx_word' id='word_1_99' title='bbox 186 1760 334 1833; x_wconf 85' lang='lat' dir='ltr'>Tempore</span> <span class='ocrx_word' id='word_1_100' title='bbox 348 1757 384 1812; x_wconf 90' lang='lat' dir='ltr'>de</span> <span class='ocrx_word' id='word_1_101' title='bbox 397 1757 510 1829; x_wconf 69' lang='lat' dir='ltr'>mortiet</span> <span class='ocrx_word' id='word_1_102' title='bbox 535 1775 585 1813; x_wconf 89' lang='lat' dir='ltr'>nec</span> <span class='ocrx_word' id='word_1_103' title='bbox 598 1756 736 1811; x_wconf 87' lang='lat' dir='ltr'>delibrare</span> <span class='ocrx_word' id='word_1_104' title='bbox 749 1759 882 1826; x_wconf 81' lang='lat' dir='ltr'>valemus,</span> 
     </span>
     <span class='ocr_line' id='line_1_18' title="bbox 187 1834 879 1915; baseline 0.003 -22"><span class='ocrx_word' id='word_1_105' title='bbox 187 1842 260 1915; x_wconf 75' lang='lat' dir='ltr'>Quo</span> <span class='ocrx_word' id='word_1_106' title='bbox 273 1837 369 1892; x_wconf 85' lang='lat' dir='ltr'>minus</span> <span class='ocrx_word' id='word_1_107' title='bbox 379 1835 430 1893; x_wconf 87' lang='lat' dir='ltr'>esse</span> <span class='ocrx_word' id='word_1_108' title='bbox 442 1834 492 1892; x_wconf 91' lang='lat' dir='ltr'>diu</span> <span class='ocrx_word' id='word_1_109' title='bbox 503 1834 635 1911; x_wconf 79' lang='lat' dir='ltr'>possimus</span> <span class='ocrx_word' id='word_1_110' title='bbox 648 1851 737 1891; x_wconf 87' lang='lat' dir='ltr'>morte</span> <span class='ocrx_word' id='word_1_111' title='bbox 749 1839 879 1911; x_wconf 86' lang='lat' dir='ltr'>peremti.</span> 
     </span>
     <span class='ocr_line' id='line_1_19' title="bbox 189 1914 880 1994; baseline -0.001 -18"><span class='ocrx_word' id='word_1_112' title='bbox 189 1914 318 1976; x_wconf 84' lang='lat' dir='ltr'>Proinde</span> <span class='ocrx_word' id='word_1_113' title='bbox 326 1916 392 1974; x_wconf 89' lang='lat' dir='ltr'>licet</span> <span class='ocrx_word' id='word_1_114' title='bbox 404 1916 518 1994; x_wconf 88' lang='lat' dir='ltr'>quotvis</span> <span class='ocrx_word' id='word_1_115' title='bbox 530 1915 652 1974; x_wconf 89' lang='lat' dir='ltr'>vivendo</span> <span class='ocrx_word' id='word_1_116' title='bbox 665 1915 782 1973; x_wconf 87' lang='lat' dir='ltr'>condere</span> <span class='ocrx_word' id='word_1_117' title='bbox 794 1918 880 1984; x_wconf 83' lang='lat' dir='ltr'>saecla;</span> 
     </span>
     <span class='ocr_line' id='line_1_20' title="bbox 187 1994 916 2056; baseline -0.004 0"><span class='ocrx_word' id='word_1_118' title='bbox 187 2000 273 2056; x_wconf 78' lang='lat' dir='ltr'>Mors</span> <span class='ocrx_word' id='word_1_119' title='bbox 286 2012 389 2055; x_wconf 78' lang='lat' dir='ltr'>aeterue</span> <span class='ocrx_word' id='word_1_120' title='bbox 402 2013 493 2052; x_wconf 77' lang='lat' dir='ltr'>tamen</span> <span class='ocrx_word' id='word_1_121' title='bbox 507 1994 598 2052; x_wconf 84' lang='lat' dir='ltr'>nihilo</span> <span class='ocrx_word' id='word_1_122' title='bbox 612 1998 706 2053; x_wconf 84' lang='lat' dir='ltr'>minut</span> <span class='ocrx_word' id='word_1_123' title='bbox 719 1997 768 2052; x_wconf 84' lang='lat' dir='ltr'>illa</span> <span class='ocrx_word' id='word_1_124' title='bbox 778 1999 916 2054; x_wconf 81' lang='lat' dir='ltr'>mauebit:</span> 
     </span>
     <span class='ocr_line' id='line_1_21' title="bbox 187 2074 896 2154; baseline -0.003 -18"><span class='ocrx_word' id='word_1_125' title='bbox 187 2080 251 2136; x_wconf 85' lang='lat' dir='ltr'>Nee</span> <span class='ocrx_word' id='word_1_126' title='bbox 263 2077 359 2134; x_wconf 77' lang='lat' dir='ltr'>minus</span> <span class='ocrx_word' id='word_1_127' title='bbox 373 2077 420 2133; x_wconf 91' lang='lat' dir='ltr'>isle</span> <span class='ocrx_word' id='word_1_128' title='bbox 432 2076 482 2148; x_wconf 85' lang='lat' dir='ltr'>diu</span> <span class='ocrx_word' id='word_1_129' title='bbox 491 2078 551 2154; x_wconf 85' lang='lat' dir='ltr'>jam</span> <span class='ocrx_word' id='word_1_130' title='bbox 565 2076 697 2144; x_wconf 82' lang='lat' dir='ltr'>nouerit,</span> <span class='ocrx_word' id='word_1_131' title='bbox 712 2096 747 2132; x_wconf 87' lang='lat' dir='ltr'>ex</span> <span class='ocrx_word' id='word_1_132' title='bbox 759 2074 896 2134; x_wconf 87' lang='lat' dir='ltr'>hodierno</span> 
     </span>
     <span class='ocr_line' id='line_1_22' title="bbox 189 2154 797 2231; baseline -0.005 -16"><span class='ocrx_word' id='word_1_133' title='bbox 189 2156 315 2215; x_wconf 86' lang='lat' dir='ltr'>Lumine</span> <span class='ocrx_word' id='word_1_134' title='bbox 327 2157 377 2231; x_wconf 88' lang='lat' dir='ltr'>qui</span> <span class='ocrx_word' id='word_1_135' title='bbox 392 2158 476 2214; x_wconf 85' lang='lat' dir='ltr'>finem</span> <span class='ocrx_word' id='word_1_136' title='bbox 489 2155 556 2212; x_wconf 88' lang='lat' dir='ltr'>vitai</span> <span class='ocrx_word' id='word_1_137' title='bbox 570 2154 653 2223; x_wconf 85' lang='lat' dir='ltr'>secit;</span> <span class='ocrx_word' id='word_1_138' title='bbox 676 2171 703 2211; x_wconf 87' lang='lat' dir='ltr'>et</span> <span class='ocrx_word' id='word_1_139' title='bbox 713 2157 769 2222; x_wconf 87' lang='lat' dir='ltr'>ille,</span> <span class='ocrx_word' id='word_1_140' title='bbox 792 2180 797 2189; x_wconf 89' lang='lat'>·</span> 
     </span>
     <span class='ocr_line' id='line_1_23' title="bbox 189 2236 903 2314; baseline -0.001 -16"><span class='ocrx_word' id='word_1_141' title='bbox 189 2236 347 2305; x_wconf 77' lang='lat' dir='ltr'>Mentibus,</span> <span class='ocrx_word' id='word_1_142' title='bbox 363 2250 444 2314; x_wconf 84' lang='lat' dir='ltr'>atque</span> <span class='ocrx_word' id='word_1_143' title='bbox 456 2237 536 2294; x_wconf 78' lang='lat' dir='ltr'>aunis</span> <span class='ocrx_word' id='word_1_144' title='bbox 545 2236 596 2312; x_wconf 90' lang='lat' dir='ltr'>qui</span> <span class='ocrx_word' id='word_1_145' title='bbox 607 2237 702 2294; x_wconf 80' lang='lat' dir='ltr'>multis</span> <span class='ocrx_word' id='word_1_146' title='bbox 715 2237 818 2295; x_wconf 89' lang='lat' dir='ltr'>occidit</span> <span class='ocrx_word' id='word_1_147' title='bbox 829 2253 903 2296; x_wconf 83' lang='lat' dir='ltr'>ante.</span> 
     </span>
    </p>
   </div>
   <div class='ocr_carea' id='block_1_3' title="bbox 0 0 1186 3875">
    <p class='ocr_par' dir='ltr' id='par_1_3' title="bbox 0 0 1186 3875">
     <span class='ocr_line' id='line_1_24' title="bbox 0 0 1186 3875; baseline 0 0"><span class='ocrx_word' id='word_1_148' title='bbox 0 0 1186 3875; x_wconf 95' lang='lat' dir='ltr'> </span> 
     </span>
    </p>
   </div>
  </div>
 </body>
</html>
