2359 3875
208 427 253 497 ab
364 426 405 496 T.
445 424 892 502 Lthtttrtr‘

203 559 248 615 Ex
263 558 437 635 alienigenis,
453 578 512 636 quae
526 560 605 617 terris
618 560 797 616 exoriuntur.

203 638 338 696 Transfer
350 640 427 705 item,
444 640 560 696 totidem
573 641 665 696 verbis
679 655 754 696 utare
768 640 877 695 licebit:

202 721 239 775 In
250 720 333 795 lignis
346 720 365 774 li
379 720 491 776 flamma
505 723 579 786 latet,
595 720 753 795 sumulque,
770 719 907 795 cinisque:

130 828 151 844 -e
201 800 433 875 Ere-alienigenis,
449 800 592 857 contrstant
606 801 682 875 ligna
696 796 842 856 necelle'st.

199 880 201 886 ’
246 880 401 956 Linquitur
411 879 457 935 hic
472 881 561 937 tenuis
571 880 699 937 latitandi
714 882 796 955 copia
809 880 950 955 quaedam:

205 958 241 1015 Id
257 960 333 1038 quod
355 960 599 1017 Anaxaconas
625 960 673 1016 fibi
691 959 785 1026 sumit,
806 974 837 1014 ut
855 961 988 1018 omnibus

329 1060 434 1097 omneis

182 1140 186 1147 ·
202 1124 260 1179 Res
274 1135 353 1198 putet
367 1120 500 1176 immistas
514 1123 595 1178 rebus
609 1122 731 1179 latitare:
755 1121 798 1177 led
812 1120 884 1177 illud

199 1204 347 1281 Apparere
360 1222 461 1268 unum,
477 1202 555 1278 cujus
569 1202 621 1257 lint
631 1204 724 1277 pluria
734 1201 822 1267 milla,

200 1285 238 1339 Et
252 1283 338 1359 magis
351 1283 382 1337 in
395 1297 546 1358 promptu,
560 1284 707 1359 primaque
717 1282 747 1337 in
761 1282 851 1337 fronte
865 1282 970 1339 locata.

200 1363 291 1435 Quod
303 1378 392 1420 tamen
407 1384 422 1418 a
435 1384 499 1419 vena
513 1366 596 1439 longe
610 1365 716 1419 ratione
729 1358 877 1438 repulsum
881 1361 913 1417 st

162 1509 165 1519 Ι
201 1444 395 1501 Conveniebat
408 1444 483 1498 enim
499 1443 590 1518 fruges
604 1463 723 1519 quoque·
726 1443 794 1520 saepe
806 1442 940 1510 minutas,

201 1527 391 1581 Roboretum
402 1524 458 1579 saxi
472 1522 651 1599 franguntur,
668 1525 776 1578 mittere
787 1524 893 1597 signum

200 1604 360 1680 Sanguinis,
372 1618 420 1659 aut
433 1604 522 1659 alium
536 1603 628 1660 nostro
642 1626 703 1680 quae
716 1621 833 1680 corpore
843 1604 972 1660 aluntur:
988 1602 994 1616 ⁸

200 1687 275 1752 Cum
289 1683 376 1759 lapidi
389 1683 510 1759 lapidem
521 1685 647 1749 terimus,
663 1704 774 1741 manare
788 1701 927 1740 cruorem.

202 1764 349 1821 Conlimili
365 1764 471 1820 ratione
481 1763 578 1820 herbas
591 1785 704 1842 qnoque
719 1765 786 1841 sape
794 1764 917 1832 decebat,

148 1882 151 1886 -
199 1847 236 1901 Et
249 1844 336 1902 laticis
351 1844 455 1916 dulceis
470 1859 572 1921 guttas,
586 1845 727 1922 fimilique
739 1844 833 1921 sapore

199 1927 325 1992 Mittere,
339 1925 465 2002 lanigerae
476 1924 553 2007 quali
566 1926 630 1982 lunt
643 1926 726 1982 ubera
739 1924 830 1983 labiis:

201 2008 315 2065 Scilicet
328 2022 354 2062 et
368 2007 454 2082 glebis
468 2021 604 2066 terrarum
616 2006 681 2082 saepe
694 2006 784 2062 friatis

200 2088 361 2144 Herbarum
376 2107 487 2180 genera,
502 2103 528 2142 et
537 2087 639 2163 fruces
655 2085 830 2164 froudeilque
845 2088 935 2145 videri

154 2165 157 2172 ¹
201 2169 259 2227 Dis
257 2182 369 2244 pertita,
384 2182 465 2244 atque
480 2169 511 2223 in
522 2169 603 2224 terris
616 2168 725 2225 latitare
736 2168 858 2224 minute:
906 2181 911 2200 ²

200 2248 375 2322 Postremos
369 2269 398 2303 tu
410 2248 529 2324 lignis
506 2268 627 2304 emerem
642 2248 804 2323 fumumque
819 2249 920 2315 videri,

198 2331 274 2384 Cum
281 2320 428 2403 praefraila
439 2327 540 2394 forent,
556 2328 698 2405 igneisque
712 2331 792 2385 latere
802 2332 937 2386 minutos

199 2410 335 2485 Quorum
350 2409 392 2464 nil
403 2408 463 2464 fieri
477 2409 612 2499 quoniam
626 2409 767 2464 manifesta
782 2409 860 2464 docet
875 2430 925 2476 res,

199 2490 278 2546 Scire
291 2489 354 2545 licet
366 2508 425 2545 non
438 2488 509 2544 elle
502 2509 532 2543 ιιι
547 2489 626 2544 rebus
640 2508 679 2544 res
693 2491 730 2544 ita
745 2489 853 2546 millas:

198 2569 310 2626 Verum
325 2568 427 2625 semina
440 2568 613 2625 multimodis
622 2569 741 2624 immista
753 2571 835 2625 latere

197 2651 353 2707 Multarum
365 2669 455 2705 rerum
466 2650 496 2704 in
509 2651 589 2705 rebus
603 2649 763 2705 communia
777 2650 887 2706 debent.

241 2731 284 2786 At
296 2729 364 2804 laepe
373 2729 403 2784 in
414 2729 520 2804 magnis
534 2730 565 2784 fit
579 2730 732 2795 montibus,
749 2729 855 2806 inquis,
872 2745 904 2787 ut
916 2731 979 2786 altit

197 2809 360 2866 Arboribus
369 2810 465 2866 vicina
475 2809 618 2865 cacumina
631 2808 736 2865 summa
750 2824 875 2868 terantur

199 2891 279 2946 Inter
290 2888 324 2955 se,
341 2887 442 2943 validis
456 2887 585 2943 facere'id
600 2890 764 2964 cogentibus
778 2890 886 2957 aullris,

199 2970 296 3024 Donec
307 2967 443 3024 fulserunt
458 2968 576 3023 flamma
590 2966 698 3044 fulgore
709 2985 818 3025 coorto:

199 3051 326 3105 Scilicet:
351 3062 376 3102 et
387 3067 443 3102 non
456 3047 492 3102 est
507 3048 593 3123 liguis
604 3062 692 3103 tamen
706 3050 801 3104 inlitus
815 3050 897 3126 ignis,
922 3095 924 3098 a

201 3128 312 3184 Verum
326 3127 430 3184 semina
440 3127 503 3183 sunt
514 3126 624 3183 ardoris
637 3130 737 3194 multa,
754 3132 867 3186 terendo

199 3209 273 3285 Qua
287 3228 352 3263 cum
365 3209 534 3274 confluxere,
547 3222 640 3262 creant
654 3208 782 3264 incendia
797 3211 893 3287 sylvis.

196 3288 286 3364 Quod
301 3289 317 3342 fi
333 3302 406 3342 tanta
416 3287 487 3344 foret
500 3287 584 3365 sylvis
597 3286 754 3345 abscondita
768 3291 895 3358 flamma3

196 3370 262 3426 Non
277 3366 383 3448 pollent
398 3369 488 3426 ullum
503 3382 612 3444 tempus
625 3368 738 3425 celarier
750 3371 841 3446 ignes:

805 3452 983 3511 Confiterent
