2359 3875
378 514 435 626 r
523 509 695 627 rr
781 512 810 627 1
923 635 926 640 ,

192 759 986 939 Lucunrrrcriur

555 1006 636 1074 nn

251 1191 551 1289 RERUM
584 1188 933 1291 NATURA.

392 1387 789 1533 LIBER-VI.

263 1672 290 1729 R
301 1670 355 1727 1M
364 1670 394 1727 [Ε
408 1669 557 1746 frugiferos
568 1668 648 1728 foetus
660 1673 821 1729 mortalibus
836 1670 915 1747 aegris

275 1750 595 1826 Didideruntquondam
601 1754 732 1827 preclaro
738 1750 984 1819 nomineAthenae,

200 1831 237 1887 Et
250 1846 442 1889 recreaverunt
455 1832 554 1898 vitam,
571 1833 695 1908 legesque
710 1848 858 1909 rogarunt:

202 1912 238 1968 Et
251 1912 349 1989 primae
363 1911 500 1969 dederunt
510 1910 604 1970 solatia
614 1912 709 1969 dulcia
719 1915 793 1980 vitae,

201 1994 274 2050 Cum
288 2013 410 2069 genuere
425 1992 519 2047 virum
533 1993 580 2048 tali
596 2014 660 2050 curn
673 1995 754 2049 corde
765 2010 915 2070 repertum,

201 2071 310 2129 Omnia
327 2072 450 2130 veridico
464 2072 514 2146 qui
527 2074 670 2148 quondam
683 2094 716 2129 ex
729 2094 776 2130 ore
791 2072 934 2149 proludit;

199 2154 288 2230 Cujus
302 2168 329 2208 et
340 2152 456 2210 extinRi
470 2169 585 2229 propter
597 2154 696 2210 divina
710 2170 815 2230 reperta

198 2232 365 2309 Divolgata,
380 2250 459 2289 vetus
467 2234 526 2308 jam
540 2234 574 2289 ad
588 2235 690 2290 coelum
705 2235 792 2310 gloria
805 2234 901 2291 fertur.

199 2313 272 2370 Nam
285 2333 351 2370 cum
365 2313 438 2371 vidit
450 2311 508 2378 lric,
519 2313 556 2369 ad
570 2313 675 2370 vilium
689 2335 748 2389 quae
763 2315 869 2391 flagitat
880 2317 954 2383 usus,

201 2397 221 2421 “
239 2395 284 2459 Et,
302 2413 353 2469 per
364 2413 425 2469 quae
435 2392 541 2470 pollent
553 2396 639 2451 viram
652 2395 791 2451 consistere
802 2410 900 2464 tutam,

198 2471 308 2530 Omnia
317 2475 377 2548 jarn
388 2473 476 2529 ferme
488 2475 650 2531 mortalibus
659 2473 710 2530 elle
725 2491 833 2550 parata:

200 2554 318 2609 Divitiis
332 2552 469 2620 homines,
486 2569 512 2608 et
526 2553 644 2620 honore,
657 2571 683 2610 et
696 2555 776 2610 laude
790 2558 927 2629 potenteis

197 2631 335 2699 Affluere,
350 2647 432 2708 atque
445 2635 519 2692 bona
532 2650 661 2692 natorum
674 2637 806 2690 excellere
820 2634 909 2690 fama:
962 2659 964 2663 ’

198 2715 255 2771 Nec
267 2715 362 2771 minus
374 2713 516 2771 effe-dorni
530 2715 661 2790 cuiquam
676 2729 765 2770 tamen
778 2715 862 2770 anxia
875 2715 967 2784 corde,

196 2795 293 2868 Atque
306 2797 434 2852 animum
447 2793 551 2850 infestis
565 2795 628 2869 cogi
640 2795 739 2851 servire
752 2795 884 2869 querelis:

199 2874 353 2940 intellexit,
369 2875 410 2931 ibi
425 2874 527 2930 vitium
542 2894 588 2928 vas
597 2874 818 2952 ellicereipsum,

199 2953 363 3030 Omniaque
376 2954 452 3010 illius
462 2954 532 3010 viiio
545 2956 723 3031 corrumpier·
732 2957 819 3022 intus,
959 3017 962 3025 ,

199 3037 271 3110 Quae
284 3035 391 3091 conlata
401 3032 479 3099 foris,
495 3048 521 3089 et
529 3036 677 3092 commoda
689 3056 799 3110 cunque
813 3037 957 3105 venirem

192 3113 390 3188 ·Pariirnquod
405 3113 524 3180 fluxum,
541 3115 738 3191 pertusumque
752 3115 802 3170 elle
815 3117 935 3186 videbat,

199 3192 241 3253 Ut
253 3195 330 3249 nulla
343 3191 430 3269 pollet
443 3194 549 3251 ratione
561 3196 701 3270 explerier
713 3216 854 3270 unquam,

199 3273 307 3330 Partim
317 3273 393 3349 quod
407 3287 477 3330 tetro
486 3274 559 3348 quali
573 3275 756 3350 conspurcare
768 3276 864 3350 sapore

202 3352 309 3411 Omnia
322 3354 460 3422 cernebat,
471 3373 643 3430 quecunque
656 3371 793 3432 receperat
804 3359 893 3414 intus.

245 3462 248 3467 ·
568 3434 609 3514 Q
835 3435 989 3493 *leixffiiz'in
1051 3444 1054 3450 '
