2359 3875
199 445 269 535 454
353 436 864 513 nrucrnrrr·

200 570 339 647 improbe
347 568 453 645 navigii
466 569 538 626 ratio
549 584 610 626 tum
624 589 694 627 caeca
701 568 820 644 jacebat.

196 649 274 708 'l'um
289 650 415 725 penuria
430 648 534 707 deinde
547 649 615 716 cibi,
630 648 789 725 languentia
801 642 878 705 letho

197 730 326 787 Membra
338 728 436 786 dabatr
461 744 558 787 eontra
570 748 646 784 nuuc
655 748 750 785 rerum
762 726 845 803 copia
858 723 968 781 mersat.

198 809 247 866 Illi
260 809 451 886 imprudentes
464 809 515 884 ipli
528 809 577 865 fibi
589 809 657 884 sepe
671 827 811 864 venenum

199 888 372 965 vergebant:
396 908 473 944 nunc
486 888 554 946 dant
565 888 626 945 aliis
640 888 776 946 sollertius
790 885 853 963 ipli.

241 968 312 1025 Inde
321 968 393 1026 casas
402 967 559 1045 postquam,
572 988 604 1024 ac
617 968 726 1043 pellem.
741 968 893 1043 ignemque
903 983 984 1041 pm·

280 1063 359 1115 runt,

199 1128 237 1186 Et
255 1129 359 1188 mulier
370 1128 516 1205 eonjurrsla
529 1129 591 1186 viro
603 1127 730 1184 concellit
739 1127 769 1184 in
782 1145 894 1193 unum3

199 1206 334 1285 Callaqu'e
346 1211 462 1285 privatae
477 1208 597 1266 Veneris
608 1208 750 1264 connubia
763 1209 822 1264 laeta

199 1289 321 1364 Cognita
334 1288 407 1352 lunt.
423 1292 585 1365 prolemque
598 1306 632 1342 ex
646 1288 672 1344 se
685 1287 780 1344 videre
792 1301 927 1343 creatam:

196 1368 274 1425 Turn
285 1388 370 1445 genus
382 1367 540 1426 humanum
554 1367 679 1445 primum
690 1366 842 1424 mollescere
856 1366 953 1442 coepit.

200 1448 280 1523 Ignis
289 1451 365 1504 enim
378 1450 496 1515 curavit,
514 1463 544 1504 ut
555 1447 617 1505 allia
630 1465 746 1522 corpora
759 1446 850 1522 frigus

199 1529 267 1583 Non
283 1529 323 1585 ita
327 1530 386 1603 jam
402 1527 507 1602 possent
519 1529 582 1584 coeli
597 1526 645 1583 sub
656 1527 777 1603 tegmine
787 1526 876 1583 ferre:

200 1607 237 1661 Et
250 1607 349 1663 Venus
360 1608 507 1664 imminuit
520 1609 616 1673 vireis,
631 1607 769 1682 puerique
778 1621 928 1682 pareutum

201 1685 351 1743 Blanditiis
364 1687 442 1761 facile
454 1687 602 1763 ingenium
614 1687 718 1762 fregere
732 1686 899 1762 superbum.
1001 1733 1013 1741 .

199 1765 282 1822 Tunc
295 1780 322 1822 et
334 1767 486 1823 amicitiam
500 1780 645 1844 coeperunt
652 1766 773 1843 jungere
785 1764 918 1828 habentes

199 1845 336 1904 Finitima
349 1847 423 1904 inter
436 1846 471 1913 se,
487 1866 537 1904 uec
545 1847 654 1913 laedere,
669 1866 719 1902 nec
730 1846 852 1911 violarer

200 1925 237 1982 Et
250 1946 353 2003 pueros
367 1927 609 1995 commendarunt,
625 1927 815 2003 muliebreque
831 1925 940 1983 laeclum

199 2005 342 2075 Vocibus,
359 2023 386 2064 et
399 2007 484 2084 gestu,
500 2028 565 2065 curn
579 2007 659 2064 balbe
672 2007 867 2082 fignificarent‚

200 2086 414 2145 imbecillorum
427 2087 478 2144 else
490 2106 602 2162 aequum
615 2086 770 2143 misererier
780 2088 923 2143 omnium.

199 2167 268 2225 Nou
282 2180 372 2223 tamen
388 2166 561 2224 omnimodis
572 2181 682 2244 poterat
694 2166 843 2224 concordia
853 2165 952 2243 gignl;
1013 2161 1016 2166 ’

200 2245 254 2302 Sed
266 2246 349 2313 bona,
366 2267 521 2322 magnaque
534 2268 599 2323 pars
612 2247 757 2302 servabant
769 2244 872 2302 soedera
885 2245 965 2302 calli:

198 2325 262 2382 Aut
272 2323 529 2400 genus-humanum
533 2329 595 2404 jam
602 2342 662 2384 tum
675 2323 748 2392 soret
757 2343 839 2382 omne
853 2344 983 2403 peremp-

282 2419 353 2472 turn,

198 2483 258 2540 Nec
272 2483 402 2560 potuillet
414 2485 506 2543 adhuc
519 2486 669 2563 perducere
682 2486 757 2544 saecla
770 2505 913 2563 propago.

240 2565 286 2624 At
297 2566 391 2621 varios
401 2566 504 2643 linguae
515 2568 622 2624 sonitus
632 2581 732 2625 natura
746 2565 854 2642 subegit

200 2642 325 2713 Mittere,
341 2660 367 2700 et
383 2646 486 2705 utilitas
498 2646 627 2723 exprellit
638 2646 755 2702 nomina
765 2664 878 2715 rerum:

196 2724 265 2781 Non
278 2725 331 2782 alia
341 2726 423 2802 longe
435 2730 552 2794 ratione,
566 2741 648 2802 atque
662 2726 723 2802 ipsa
734 2725 849 2783 videtur

196 2803 363 2876 Protrahere
374 2806 409 2861 ad
423 2806 525 2882 gestum
539 2827 641 2883 pueros
651 2804 769 2862 infantia
782 2805 898 2881 lingua,

197 2882 356 2948 Cumiacit,
370 2901 401 2938 ur
409 2885 511 2962 digito,
522 2905 582 2960 quae
593 2887 644 2942 fiut
654 2885 806 2963 praesentia,
815 2885 985 2942 monstrent.-

197 2962 288 3020 Sentit
299 2965 376 3020 euim
389 2966 570 3040 vimquisque
582 2966 669 3032 suam,
680 2984 766 3041 qnam
777 2963 860 3041 poffit
872 2966 969 3022 abuti:

195 3042 314 3098 vCornua·
326 3057 390 3100 nata
401 3046 481 3121 prius
495 3047 584 3103 vitulo
598 3067 683 3120 quam
694 3043 838 3102 frontibus
851 3059 959 3114 extent,

200 3121 262 3178 Illis
271 3122 358 3178 iratus
370 3125 453 3200 petit,
469 3141 551 3201 atque
561 3126 683 3183 infensus
697 3127 820 3201 inurget.

196 3202 239 3258 At
252 3204 339 3258 catuli
351 3203 561 3279 pantherarum,
576 3207 738 3284 scymnique
750 3207 867 3263 leonum

90 3330 97 3338 ..
198 3280 363 3358 Unguibus,
378 3305 410 3341 ac
423 3285 542 3364 pedibus
554 3288 699 3364 jamtum,
719 3286 867 3364 morsuque
881 3303 982 3364 repug-

249 3431 252 3437 .
277 3375 359 3430 ΜΒ
463 3424 466 3429 -
856 3432 859 3439 .

312 3474 315 3481 ·
851 3444 981 3504 Vixdum
