2359 3875
230 450 274 537 38
390 442 430 509 T.
474 439 898 512 LUCRETM..

231 579 272 636 Ut
284 578 406 644 videant,
423 596 476 651 qua
488 575 615 649 quidque
626 591 736 651 geratur
749 595 813 632 eum
825 576 942 630 ratione.

271 659 313 713 At
325 656 440 731 quidam
453 672 548 713 contra
562 656 618 711 lraec
633 657 734 732 ignari,
751 654 874 711 materiai

224 739 362 793 Naturam
372 756 430 792 non
443 734 517 811 posse
531 737 622 791 Deum
636 736 690 789 fine
703 737 819 791 numine
832 748 929 789 rentur

224 818 384 892 Tantopere
396 815 524 872 humanis
534 816 699 880 rationibus,
715 835 744 869 ac
758 813 918 876 moderatis.

222 899 367 973 Tempora
375 908 481 952 mutare
492 915 642 960 annorum,
658 894 801 970 frugesque
813 912 920 950 creare:

224 979 283 1033 Nec
292 978 350 1053 jam
364 990 471 1042 cetera,
484 976 625 1032 mortaleis
638 996 698 1048 qua
709 975 800 1030 suadet
813 973 900 1037 adire,

222 1056 341 1132 Ipsaque
354 1056 467 1112 deducit
479 1056 538 1113 dux
552 1058 614 1112 vita
628 1056 694 1111 Dra
711 1055 914 1118 Voturrasr

223 1138 265 1194 Ut
277 1158 317 1191 res
328 1156 377 1212 per
393 1136 514 1192 Veneris
523 1134 675 1193 blanditirn
689 1135 762 1190 secla
776 1147 947 1210 propagent;

219 1219 263 1275 Ne
277 1237 363 1294 genus
372 1215 480 1273 occidat
490 1214 646 1273 humanum
656 1236 663 1270 :
679 1235 799 1289 quorum
808 1214 903 1270 omnia
913 1210 989 1269 cauffi

219 1296 396 1355 Constituisse
408 1296 482 1354 Deos
495 1297 622 1373 fingunt:
646 1295 692 1352 sed
705 1295 734 1349 in
750 1296 881 1350 omnibus
895 1294 976 1351 rebus

108 1372 112 1381 ⁸
165 1423 177 1437 a
218 1379 414 1455 Magnoperea
428 1397 491 1433 vera
505 1377 571 1451 lapsi
585 1377 692 1433 ratione
701 1375 843 1432 videntur.

216 1459 291 1515 Nam
305 1457 431 1533 quamvis
441 1477 535 1515 rerum
548 1458 676 1531 ignorem
691 1456 845 1531 primordia
854 1474 915 1530 quae
929 1453 989 1522 sint,

215 1539 279 1594 Hoc
294 1553 384 1593 tamen
398 1556 431 1591 ex
444 1537 508 1612 ipsis
522 1538 583 1592 eoeli
599 1537 750 1593 rationibus
765 1536 850 1592 aufim

214 1619 399 1683 Confirmet,
414 1617 529 1691 aliisque
539 1637 573 1671 tx
588 1620 668 1673 rebus
683 1616 795 1672 reddere
808 1616 921 1680 multis3
940 1655 943 1664 .

213 1700 398 1773 Nequaquam
411 1698 492 1753 nobis
505 1696 702 1753 divinitusesse
714 1713 830 1753 creatam

212 1780 348 1835 Naturam
363 1776 472 1842 mundi,
489 1796 549 1851 quae
563 1774 670 1833 tanta'st
684 1778 799 1853 praedita
812 1778 909 1852 culpa:

211 1860 284 1934 Quae
299 1858 349 1913 tibi
359 1857 505 1933 posterius,
521 1858 656 1925 Mamur,
669 1857 800 1913 faciemus
813 1872 921 1933 aperta.

209 1942 295 1996 Nune
308 1938 339 1995 id
353 1938 429 2016 quod
437 1936 559 2014 superest
571 1939 607 1995 de
620 1940 742 1995 motibus
753 1939 947 2014 expediemus.

209 2023 292 2078 Nunc
307 2021 384 2076 locus
393 2017 440 2083 est,
453 2035 484 2075 ut
495 2020 609 2095 opinor,
622 2021 652 2076 in
662 2018 705 2074 his
715 2019 786 2074 illud
793 2037 902 2092 quoque
910 2020 989 2074 rebus

199 2096 385 2159 'confirmare
400 2099 462 2166 tibi,
478 2102 584 2156 nullam
600 2121 658 2155 rem
674 2099 747 2176 posse
759 2098 804 2155 sua
818 2100 846 2154 vi

207 2185 383 2257 Corporeum
397 2179 501 2235 sursum
515 2180 592 2244 ferri,
608 2180 769 2255 sursumque
782 2199 883 2234 meare.

205 2264 249 2318 Ne
261 2260 312 2318 tibi
321 2261 389 2315 dent
398 2260 428 2315 in
443 2279 475 2314 eo
486 2259 664 2316 flammarum
677 2280 792 2336 corpora
803 2259 942 2324 sraudem;

135 2353 145 2360 “
205 2341 302 2398 Sursus
313 2340 386 2396 enim
396 2339 492 2394 vorsus
505 2340 670 2415 gignuntur,
687 2341 850 2417 etaugmina
859 2339 985 2396 sunruutr

204 2425 241 2478 Et
254 2420 358 2477 sursum
370 2419 467 2475 nitidae
480 2418 585 2495 fruges,
600 2420 760 2496 arbustaque
770 2420 907 2476 crescunt:

204 2501 342 2568 Pondera,
358 2502 537 2575 quantumin
551 2495 621 2568 sess,
636 2521 700 2556 cum
709 2499 986 2558 deorsumcunstafe·

238 2618 242 2622 -
330 2595 439 2637 rantur.

164 2707 173 2718 κ
202 2666 261 2720 Nec
273 2683 337 2720 cum
350 2661 495 2718 subsiliunt
507 2664 584 2740 ignes
597 2662 632 2720 ad
646 2661 711 2719 tesla
720 2662 883 2730 domorum,

202 2747 239 2800 Et
251 2743 332 2800 celeri
347 2742 458 2799 flamma
469 2743 613 2819 degustant
627 2745 714 2820 tigna,
731 2744 898 2819 trabeisque3

201 2827 306 2901 Sponte
317 2823 363 2879 sua
375 2820 460 2878 facere
469 2823 511 2889 id,
525 2822 580 2879 fine
592 2823 621 2879 vi
636 2824 786 2900 subigente,
804 2822 980 2900 putandu'ss:

202 2905 291 2980 Quod
304 2922 400 2978 genus,
416 2921 430 2956 e
443 2901 534 2960 nostro
546 2923 611 2959 cum
619 2903 714 2960 missus
726 2924 843 2980 corpore
856 2904 965 2983 sanguis

203 2985 312 3040 Emicat
322 2982 461 3038 exsultans
473 2984 537 3050 alte,
553 2984 714 3060 spargitque
727 3004 864 3041 cruorem.
943 3034 945 3037 .

199 3067 302 3120 Nonne
315 3061 392 3118 vides
402 3062 497 3128 etiam,
513 3077 616 3140 quauta
625 3064 653 3120 vi
667 3064 754 3140 tigna,
772 3065 925 3140 trabeisque

200 3143 323 3219 Respuet
335 3140 438 3200 humor
450 3143 547 3219 aquae?
560 3164 627 3199 nam
640 3163 724 3218 quam
738 3145 825 3221 magis
838 3148 979 3205 mersimus

323 3224 410 3279 altum
634 3286 638 3292 ,

197 3301 358 3370 Dircaeae
368 3323 467 3381 magna
476 3303 504 3362 vi
518 3305 601 3362 multi
613 3305 756 3382 pressimus
769 3327 855 3384 aegre3

195 3383 269 3446 Tam
282 3383 383 3462 cupide
393 3383 496 3443 sursum
510 3387 629 3445 revomit
641 3387 740 3464 magi«,
755 3403 836 3463 atque
849 3389 978 3458 remittit,

915 3471 983 3529 Plus
