2359 3875
233 385 255 453 8
403 374 876 452 ficoclensis

234 507 325 588 Quod
338 508 397 566 lin
411 507 556 584 culpatio,
571 523 653 582 atque
662 506 782 564 anteadla
792 521 867 562 etate
878 504 966 571 suere,

234 589 372 664 Equibur
387 587 444 644 hee
458 608 553 646 rerum
567 587 686 644 confillit
695 587 800 644 summa
814 585 927 642 resesla:

145 689 149 698 ·
236 670 395 728 Immortali
408 667 472 726 sunt
484 683 582 726 natura
597 668 712 744 predita
725 682 810 724 certe.

236 749 324 816 Haud
337 749 425 826 igitur
436 747 549 825 possunt
557 748 592 806 ad
602 747 695 804 nilum
707 768 822 823 queque
833 747 956 806 reverti..

280 830 410 905 Denique
424 850 466 886 res
475 829 585 886 omneis
598 829 693 884 eadem
707 829 761 894 vis,
773 829 906 904 causaque
917 829 1000 905 volgo

236 911 407 977 Conliceret,
418 910 468 966 nili
483 911 609 964 materies
620 925 718 966 aetema
732 923 835 965 teneret

239 993 320 1048 Inter
332 991 357 1046 se
367 1011 451 1046 nexas
461 992 555 1046 minus
567 1005 615 1046 aut
625 989 712 1065 magis
723 989 900 1065 endopedite.

236 1069 339 1130 Tadlus
351 1073 426 1127 enim
439 1070 506 1126 letlri
519 1071 581 1127 satis
594 1069 657 1126 esset
668 1071 743 1128 causa
755 1069 893 1146 proseslo:

239 1152 371 1231 Quippe,
387 1152 435 1208 ubi
448 1153 527 1227 nulla
540 1150 632 1207 forent
645 1166 746 1210 aeteruo
761 1170 891 1226 corpore,
906 1171 1004 1208 eorum

239 1227 413 1290 Contextum
427 1234 469 1289 vis
479 1233 591 1289 deberet
603 1231 746 1290 dissolvere
758 1252 884 1307 quaque.

213 1343 217 1347 ·
239 1314 281 1371 At
291 1313 379 1378 nun'c,
390 1313 463 1370 inter
471 1314 495 1370 se
508 1314 574 1389 quia
583 1333 672 1370 nexus
682 1312 893 1388 principiorum

239 1394 390 1452 Dissimiles
404 1394 537 1460 constant,
553 1410 705 1468 eternaque
714 1394 840 1448 materies
853 1393 900 1459 cll,

241 1475 386 1530 Incolumi
399 1490 540 1530 remanent
552 1495 593 1530 res
603 1494 732 1547 corpore,
743 1474 813 1528 dum
826 1475 887 1530 satis
899 1474 971 1531 aeris

240 1553 295 1610 Vis
308 1555 389 1610 obeat
401 1573 454 1630 pro
471 1571 578 1610 textura
588 1554 719 1629 cujusque
733 1569 855 1629 reperta:

239 1634 326 1690 Haud
339 1634 427 1710 igitur
436 1635 507 1690 redit
520 1634 555 1690 ad
568 1633 692 1690 nihilum
707 1653 749 1690 res
762 1635 834 1700 ullae
859 1634 907 1691 sed·
916 1653 1013 1691 omncs

240 1713 368 1770 Discidio
378 1715 493 1771 redeunt
503 1717 533 1771 in
548 1734 667 1790 corpora
679 1715 818 1771 materiai.

284 1793 427 1851 Postremo
437 1810 553 1870 pereunt
567 1796 679 1861 imbres,
695 1795 744 1851 ubi
754 1815 799 1852 eos
809 1811 887 1871 pater
897 1794 992 1851 AEtlrer

241 1875 277 1931 In
288 1876 425 1951 gremium
440 1876 645 1932 matris‘l'errai
658 1877 856 1952 precipitavit.

240 1956 284 2015 At
294 1956 392 2015 nitide
405 1956 521 2032 surguut
534 1955 637 2033 fruges,
652 1958 779 2031 ramique
792 1958 930 2014 virescunt

239 2036 416 2102 Arboribus3
434 2038 558 2093 crescunt
569 2038 646 2113 ipse,
659 2037 784 2113 soetuque
798 2054 959 2114 gravantur.

241 2116 320 2172 Hinc
332 2118 418 2175 alitur
431 2136 516 2193 porro
530 2118 654 2175 nostrum
667 2137 764 2193 genus,
779 2136 861 2192 atque
875 2118 1012 2176 serarum:

241 2196 319 2252 Hinc
332 2199 405 2253 laetas
418 2199 510 2254 urbeis
523 2199 619 2273 pueris
632 2198 730 2258 florere
742 2199 881 2264 videmus,

240 2276 475 2353 Frundiserasque
484 2278 566 2333 novis
580 2278 679 2334 nvibus
689 2296 785 2335 canere
794 2279 918 2352 undique
932 2280 1031 2358 sylvas.

240 2355 317 2412 Hinc
330 2355 400 2412 fessae
415 2356 534 2432 pecudes
546 2358 666 2432 pingues
680 2376 731 2433 per
744 2360 846 2432 pabula
860 2362 920 2415 laeta

241 2436 372 2510 Corpora
384 2436 542 2512 deponunt,
558 2437 717 2494 escandens
732 2437 831 2494 ladleus
840 2438 945 2496 humor

242 2516 389 2573 Uberibus
401 2532 495 2573 manat
506 2517 648 2583 distentis·¹
673 2516 741 2575 hinc
751 2538 825 2575 nova
841 2521 932 2595 proles

239 2596 369 2654 Artubus
382 2597 503 2655 infirmis
517 2612 621 2657 teneras
634 2598 733 2657 lasciva
748 2619 799 2675 per
810 2595 909 2657 herbas
1018 2593 1020 2600 ¹

241 2676 341 2745 Ludit,
357 2676 422 2735 laete
431 2700 509 2735 mero
523 2681 638 2737 meuteis
651 2678 776 2756 perculsa
785 2683 920 2738 novellas.

239 2758 327 2815 Haud
340 2759 430 2834 igitur
443 2762 683 2836 penituspereunt
695 2781 868 2836 quaecunque
881 2762 1030 2819 videntur:

241 2838 368 2915 Quando
381 2839 459 2896 aliud
467 2860 502 2896 ex
516 2840 571 2897 alio
585 2840 676 2897 reficit
687 2857 797 2907 natura,
813 2862 863 2899 nee
874 2844 960 2899 ullam

240 2918 314 2974 Rem
326 2918 406 2994 gigni
418 2919 536 2993 patitur,
552 2920 604 2976 uisi
615 2936 703 2977 morte
717 2921 839 2996 adjutam
853 2924 958 2980 aliena.

283 2998 367 3053 Nunc
378 3018 438 3074 age,
451 3019 492 3054 res
503 3001 642 3074 quoniam
655 3000 739 3057 docui
754 3021 811 3058 non
825 3001 901 3079 polle
914 3004 1001 3059 creari

240 3078 284 3133 De
297 3074 401 3144 nihilo,
415 3098 506 3154 neque
518 3081 586 3136 item
598 3082 701 3155 genitas
712 3081 746 3136 ad
761 3083 803 3137 nil
814 3084 955 3149 revocari;

242 3158 286 3214 Ne
299 3176 356 3231 qua
369 3157 440 3215 sorte
454 3172 545 3217 tamen
558 3176 659 3236 coeptes
672 3159 798 3217 diffidere
809 3163 902 3230 dietis,

240 3237 332 3317 Qod
341 3254 488 3313 nequeunt,
497 3242 588 3297 oculis
601 3260 692 3297 rerum
707 3241 861 3317 primordia
872 3245 967 3309 cerni3

240 3316 349 3396 Accipe
361 3334 506 3395 preterea,
519 3340 582 3397 quse
597 3340 715 3398 corpora
727 3336 783 3381 tute
796 3323 899 3383 necesse
911 3321 940 3379 'll

889 3403 1032 3462 Constare
