<?xml version="1.0" encoding="UTF-8"?>
<!DOCTYPE html PUBLIC "-//W3C//DTD XHTML 1.0 Transitional//EN"
    "http://www.w3.org/TR/xhtml1/DTD/xhtml1-transitional.dtd">
<html xmlns="http://www.w3.org/1999/xhtml" xml:lang="en" lang="en">
 <head>
  <title>
</title>
<meta http-equiv="Content-Type" content="text/html;charset=utf-8" />
  <meta name='ocr-system' content='tesseract 3.04.00' />
  <meta name='ocr-capabilities' content='ocr_page ocr_carea ocr_par ocr_line ocrx_word'/>
</head>
<body>
  <div class='ocr_page' id='page_1' title='image "./titilucretiicar03carugoog_0017.png"; bbox 0 0 2359 3875; ppageno 0'>
   <div class='ocr_carea' id='block_1_1' title="bbox 333 406 987 502">
    <p class='ocr_par' dir='ltr' id='par_1_1' title="bbox 333 406 987 502">
     <span class='ocr_line' id='line_1_1' title="bbox 333 406 987 502; baseline -0.005 -20"><span class='ocrx_word' id='word_1_1' title='bbox 333 409 538 483; x_wconf 77' lang='lat' dir='ltr'>arnna</span> <span class='ocrx_word' id='word_1_2' title='bbox 576 406 847 484; x_wconf 69' lang='lat' dir='ltr'>paruus,</span> <span class='ocrx_word' id='word_1_3' title='bbox 965 429 987 502; x_wconf 79' lang='lat'><em>9</em></span> 
     </span>
    </p>
   </div>
   <div class='ocr_carea' id='block_1_2' title="bbox 184 543 983 3108">
    <p class='ocr_par' dir='ltr' id='par_1_2' title="bbox 184 543 983 3108">
     <span class='ocr_line' id='line_1_2' title="bbox 187 543 842 622; baseline -0.003 -20"><span class='ocrx_word' id='word_1_4' title='bbox 187 544 352 602; x_wconf 75' lang='lat' dir='ltr'>confiteare</span> <span class='ocrx_word' id='word_1_5' title='bbox 365 543 417 601; x_wconf 89' lang='lat' dir='ltr'>ell&#39;e</span> <span class='ocrx_word' id='word_1_6' title='bbox 426 545 458 601; x_wconf 88' lang='lat' dir='ltr'>in</span> <span class='ocrx_word' id='word_1_7' title='bbox 471 546 564 610; x_wconf 74' lang='lat' dir='ltr'>rebus,</span> <span class='ocrx_word' id='word_1_8' title='bbox 579 565 630 602; x_wconf 88' lang='lat' dir='ltr'>nec</span> <span class='ocrx_word' id='word_1_9' title='bbox 646 544 722 622; x_wconf 78' lang='lat' dir='ltr'>polle</span> <span class='ocrx_word' id='word_1_10' title='bbox 735 543 842 601; x_wconf 84' lang='lat' dir='ltr'>videri.</span> 
     </span>
     <span class='ocr_line' id='line_1_3' title="bbox 229 624 960 702; baseline -0.008 -20"><span class='ocrx_word' id='word_1_11' title='bbox 229 624 393 702; x_wconf 73' lang='lat' dir='ltr'>Principio,</span> <span class='ocrx_word' id='word_1_12' title='bbox 409 645 513 683; x_wconf 74' lang='lat' dir='ltr'>vauri</span> <span class='ocrx_word' id='word_1_13' title='bbox 530 626 574 681; x_wconf 82' lang='lat' dir='ltr'>vis</span> <span class='ocrx_word' id='word_1_14' title='bbox 588 627 716 683; x_wconf 86' lang='lat' dir='ltr'>verberat</span> <span class='ocrx_word' id='word_1_15' title='bbox 729 625 815 681; x_wconf 81' lang='lat' dir='ltr'>incita</span> <span class='ocrx_word' id='word_1_16' title='bbox 826 636 960 700; x_wconf 83' lang='lat' dir='ltr'>pontum,</span> 
     </span>
     <span class='ocr_line' id='line_1_4' title="bbox 187 703 846 783; baseline -0.005 -21"><span class='ocrx_word' id='word_1_17' title='bbox 187 705 388 783; x_wconf 65' lang='lat' dir='ltr'>ingenteilque</span> <span class='ocrx_word' id='word_1_18' title='bbox 401 706 458 762; x_wconf 87' lang='lat' dir='ltr'>ruit</span> <span class='ocrx_word' id='word_1_19' title='bbox 466 705 571 772; x_wconf 84' lang='lat' dir='ltr'>naveis,</span> <span class='ocrx_word' id='word_1_20' title='bbox 587 722 614 760; x_wconf 90' lang='lat' dir='ltr'>et</span> <span class='ocrx_word' id='word_1_21' title='bbox 624 706 722 763; x_wconf 87' lang='lat' dir='ltr'>nubila</span> <span class='ocrx_word' id='word_1_22' title='bbox 735 703 846 769; x_wconf 85' lang='lat' dir='ltr'>dill&#39;ert;</span> 
     </span>
     <span class='ocr_line' id='line_1_5' title="bbox 187 785 872 862; baseline -0.003 -20"><span class='ocrx_word' id='word_1_23' title='bbox 187 785 338 842; x_wconf 80' lang='lat' dir='ltr'><strong>Interdum</strong></span> <span class='ocrx_word' id='word_1_24' title='bbox 352 785 452 862; x_wconf 85' lang='lat' dir='ltr'>rapido</span> <span class='ocrx_word' id='word_1_25' title='bbox 459 805 625 862; x_wconf 82' lang='lat' dir='ltr'>percurrens</span> <span class='ocrx_word' id='word_1_26' title='bbox 636 787 747 842; x_wconf 82' lang='lat' dir='ltr'>turbine</span> <span class='ocrx_word' id='word_1_27' title='bbox 756 804 872 860; x_wconf 80' lang='lat' dir='ltr'>campos</span> 
     </span>
     <span class='ocr_line' id='line_1_6' title="bbox 185 864 933 942; baseline 0.003 -19"><span class='ocrx_word' id='word_1_28' title='bbox 185 866 349 924; x_wconf 78' lang='lat' dir='ltr'>Arboribus</span> <span class='ocrx_word' id='word_1_29' title='bbox 363 865 472 942; x_wconf 80' lang='lat' dir='ltr'>maguis</span> <span class='ocrx_word' id='word_1_30' title='bbox 485 864 591 934; x_wconf 71' lang='lat' dir='ltr'>sternit,</span> <span class='ocrx_word' id='word_1_31' title='bbox 606 867 777 942; x_wconf 85' lang='lat' dir='ltr'>monteilque</span> <span class='ocrx_word' id='word_1_32' title='bbox 790 865 933 941; x_wconf 71' lang='lat' dir='ltr'>supremos</span> 
     </span>
     <span class='ocr_line' id='line_1_7' title="bbox 185 944 834 1023; baseline -0.011 -17"><span class='ocrx_word' id='word_1_33' title='bbox 185 944 347 1022; x_wconf 77' lang='lat' dir='ltr'>Silvilragis</span> <span class='ocrx_word' id='word_1_34' title='bbox 359 961 441 1003; x_wconf 82' lang='lat' dir='ltr'>vexat</span> <span class='ocrx_word' id='word_1_35' title='bbox 457 946 566 1003; x_wconf 81' lang='lat' dir='ltr'>llabrirr</span> <span class='ocrx_word' id='word_1_36' title='bbox 589 947 629 1003; x_wconf 90' lang='lat' dir='ltr'>ita</span> <span class='ocrx_word' id='word_1_37' title='bbox 641 945 764 1023; x_wconf 83' lang='lat' dir='ltr'>perfurit</span> <span class='ocrx_word' id='word_1_38' title='bbox 777 945 834 1002; x_wconf 86' lang='lat' dir='ltr'>acri</span> 
     </span>
     <span class='ocr_line' id='line_1_8' title="bbox 185 1021 939 1101; baseline 0 -18"><span class='ocrx_word' id='word_1_39' title='bbox 185 1028 263 1084; x_wconf 86' lang='lat' dir='ltr'>Cum</span> <span class='ocrx_word' id='word_1_40' title='bbox 274 1026 403 1092; x_wconf 77' lang='lat' dir='ltr'>fremitu,</span> <span class='ocrx_word' id='word_1_41' title='bbox 418 1021 657 1101; x_wconf 67' lang='lat' dir='ltr'>seritqueminaci</span> <span class='ocrx_word' id='word_1_42' title='bbox 669 1045 815 1083; x_wconf 85' lang='lat' dir='ltr'>murmure</span> <span class='ocrx_word' id='word_1_43' title='bbox 825 1039 939 1101; x_wconf 81' lang='lat' dir='ltr'>pontus.</span> 
     </span>
     <span class='ocr_line' id='line_1_9' title="bbox 185 1107 853 1184; baseline -0.007 -18"><span class='ocrx_word' id='word_1_44' title='bbox 185 1107 259 1166; x_wconf 84' lang='lat' dir='ltr'>Sunt</span> <span class='ocrx_word' id='word_1_45' title='bbox 272 1107 362 1184; x_wconf 81' lang='lat' dir='ltr'>igitur</span> <span class='ocrx_word' id='word_1_46' title='bbox 375 1127 474 1164; x_wconf 79' lang='lat' dir='ltr'>vauri</span> <span class='ocrx_word' id='word_1_47' title='bbox 491 1107 628 1165; x_wconf 88' lang='lat' dir='ltr'>nimirum</span> <span class='ocrx_word' id='word_1_48' title='bbox 643 1127 761 1184; x_wconf 86' lang='lat' dir='ltr'>corpora</span> <span class='ocrx_word' id='word_1_49' title='bbox 774 1125 853 1170; x_wconf 77' lang='lat' dir='ltr'>caca,</span> 
     </span>
     <span class='ocr_line' id='line_1_10' title="bbox 185 1185 941 1265; baseline -0.001 -23"><span class='ocrx_word' id='word_1_50' title='bbox 185 1188 262 1265; x_wconf 75' lang='lat' dir='ltr'>Qua</span> <span class='ocrx_word' id='word_1_51' title='bbox 275 1206 363 1251; x_wconf 81' lang='lat' dir='ltr'>mare,</span> <span class='ocrx_word' id='word_1_52' title='bbox 379 1206 441 1260; x_wconf 75' lang='lat' dir='ltr'>qua</span> <span class='ocrx_word' id='word_1_53' title='bbox 453 1201 547 1252; x_wconf 78' lang='lat' dir='ltr'>terras,</span> <span class='ocrx_word' id='word_1_54' title='bbox 562 1207 624 1261; x_wconf 85' lang='lat' dir='ltr'>quae</span> <span class='ocrx_word' id='word_1_55' title='bbox 637 1187 759 1261; x_wconf 87' lang='lat' dir='ltr'>denique</span> <span class='ocrx_word' id='word_1_56' title='bbox 772 1185 941 1242; x_wconf 81' lang='lat' dir='ltr'>nubilaereli</span> 
     </span>
     <span class='ocr_line' id='line_1_11' title="bbox 185 1266 880 1342; baseline -0.004 -19"><span class='ocrx_word' id='word_1_57' title='bbox 185 1267 327 1331; x_wconf 81' lang='lat' dir='ltr'>Verrunt,</span> <span class='ocrx_word' id='word_1_58' title='bbox 343 1286 374 1323; x_wconf 89' lang='lat' dir='ltr'>ac</span> <span class='ocrx_word' id='word_1_59' title='bbox 387 1266 479 1323; x_wconf 80' lang='lat' dir='ltr'>subito</span> <span class='ocrx_word' id='word_1_60' title='bbox 489 1270 618 1323; x_wconf 81' lang='lat' dir='ltr'>vexantia</span> <span class='ocrx_word' id='word_1_61' title='bbox 633 1268 746 1325; x_wconf 82' lang='lat' dir='ltr'>turbine</span> <span class='ocrx_word' id='word_1_62' title='bbox 756 1280 880 1342; x_wconf 79' lang='lat' dir='ltr'>raptant.</span> 
     </span>
     <span class='ocr_line' id='line_1_12' title="bbox 184 1345 912 1423; baseline -0.01 -18"><span class='ocrx_word' id='word_1_63' title='bbox 184 1347 245 1405; x_wconf 88' lang='lat' dir='ltr'>Nec</span> <span class='ocrx_word' id='word_1_64' title='bbox 257 1347 366 1404; x_wconf 88' lang='lat' dir='ltr'>ratione</span> <span class='ocrx_word' id='word_1_65' title='bbox 381 1345 472 1403; x_wconf 87' lang='lat' dir='ltr'>fluunt</span> <span class='ocrx_word' id='word_1_66' title='bbox 481 1347 548 1412; x_wconf 85' lang='lat' dir='ltr'>alia,</span> <span class='ocrx_word' id='word_1_67' title='bbox 561 1346 731 1423; x_wconf 79' lang='lat' dir='ltr'>stragemque</span> <span class='ocrx_word' id='word_1_68' title='bbox 744 1356 912 1421; x_wconf 81' lang='lat' dir='ltr'>propagant,</span> 
     </span>
     <span class='ocr_line' id='line_1_13' title="bbox 184 1425 842 1502; baseline -0.011 -16"><span class='ocrx_word' id='word_1_69' title='bbox 184 1427 231 1486; x_wconf 76' lang='lat' dir='ltr'>Ac</span> <span class='ocrx_word' id='word_1_70' title='bbox 245 1446 311 1485; x_wconf 89' lang='lat' dir='ltr'>cum</span> <span class='ocrx_word' id='word_1_71' title='bbox 324 1425 417 1487; x_wconf 80' lang='lat' dir='ltr'>mollis</span> <span class='ocrx_word' id='word_1_72' title='bbox 427 1445 503 1499; x_wconf 79' lang='lat' dir='ltr'>aqua</span> <span class='ocrx_word' id='word_1_73' title='bbox 518 1425 606 1483; x_wconf 82' lang='lat' dir='ltr'>fertur</span> <span class='ocrx_word' id='word_1_74' title='bbox 618 1441 717 1483; x_wconf 90' lang='lat' dir='ltr'>natura</span> <span class='ocrx_word' id='word_1_75' title='bbox 728 1440 842 1502; x_wconf 87' lang='lat' dir='ltr'>repente</span> 
     </span>
     <span class='ocr_line' id='line_1_14' title="bbox 184 1505 925 1584; baseline -0.008 -18"><span class='ocrx_word' id='word_1_76' title='bbox 184 1508 316 1566; x_wconf 84' lang='lat' dir='ltr'><strong>Flumine</strong></span> <span class='ocrx_word' id='word_1_77' title='bbox 328 1505 493 1569; x_wconf 78' lang='lat' dir='ltr'>abundanti.</span> <span class='ocrx_word' id='word_1_78' title='bbox 504 1506 581 1581; x_wconf 90' lang='lat' dir='ltr'>quod</span> <span class='ocrx_word' id='word_1_79' title='bbox 594 1507 678 1584; x_wconf 80' lang='lat' dir='ltr'>largis</span> <span class='ocrx_word' id='word_1_80' title='bbox 691 1507 831 1563; x_wconf 78' lang='lat' dir='ltr'>imbribus</span> <span class='ocrx_word' id='word_1_81' title='bbox 842 1517 925 1582; x_wconf 78' lang='lat' dir='ltr'>auget</span> 
     </span>
     <span class='ocr_line' id='line_1_15' title="bbox 184 1584 833 1662; baseline 0 -18"><span class='ocrx_word' id='word_1_82' title='bbox 184 1588 337 1649; x_wconf 80' lang='lat' dir='ltr'>Montibus</span> <span class='ocrx_word' id='word_1_83' title='bbox 349 1606 384 1643; x_wconf 84' lang='lat' dir='ltr'>ex</span> <span class='ocrx_word' id='word_1_84' title='bbox 394 1584 456 1642; x_wconf 77' lang='lat' dir='ltr'>altis</span> <span class='ocrx_word' id='word_1_85' title='bbox 470 1606 587 1662; x_wconf 73' lang='lat' dir='ltr'>magnus</span> <span class='ocrx_word' id='word_1_86' title='bbox 600 1586 729 1644; x_wconf 77' lang='lat' dir='ltr'>decursus</span> <span class='ocrx_word' id='word_1_87' title='bbox 739 1588 833 1662; x_wconf 80' lang='lat' dir='ltr'>aquai,</span> 
     </span>
     <span class='ocr_line' id='line_1_16' title="bbox 185 1666 929 1745; baseline -0.003 -19"><span class='ocrx_word' id='word_1_88' title='bbox 185 1668 338 1745; x_wconf 82' lang='lat' dir='ltr'>Fragmina</span> <span class='ocrx_word' id='word_1_89' title='bbox 348 1666 498 1741; x_wconf 84' lang='lat' dir='ltr'>conjiciens</span> <span class='ocrx_word' id='word_1_90' title='bbox 507 1667 664 1744; x_wconf 80' lang='lat' dir='ltr'>sylvarum,</span> <span class='ocrx_word' id='word_1_91' title='bbox 679 1666 841 1742; x_wconf 77' lang='lat' dir='ltr'>arbullaque</span> <span class='ocrx_word' id='word_1_92' title='bbox 855 1679 929 1732; x_wconf 64' lang='lat' dir='ltr'>tota‘.</span> 
     </span>
     <span class='ocr_line' id='line_1_17' title="bbox 185 1744 831 1824; baseline -0.009 -17"><span class='ocrx_word' id='word_1_93' title='bbox 185 1750 245 1807; x_wconf 87' lang='lat' dir='ltr'>Nec</span> <span class='ocrx_word' id='word_1_94' title='bbox 256 1747 346 1806; x_wconf 82' lang='lat' dir='ltr'>validi</span> <span class='ocrx_word' id='word_1_95' title='bbox 363 1744 475 1823; x_wconf 73' lang='lat' dir='ltr'>poliunt</span> <span class='ocrx_word' id='word_1_96' title='bbox 487 1763 588 1824; x_wconf 85' lang='lat' dir='ltr'>pontes</span> <span class='ocrx_word' id='word_1_97' title='bbox 600 1747 736 1805; x_wconf 75' lang='lat' dir='ltr'>venientis</span> <span class='ocrx_word' id='word_1_98' title='bbox 749 1747 831 1823; x_wconf 86' lang='lat' dir='ltr'>aquai</span> 
     </span>
     <span class='ocr_line' id='line_1_18' title="bbox 186 1825 951 1905; baseline -0.001 -21"><span class='ocrx_word' id='word_1_99' title='bbox 186 1829 258 1884; x_wconf 90' lang='lat' dir='ltr'>Vim</span> <span class='ocrx_word' id='word_1_100' title='bbox 272 1826 391 1884; x_wconf 86' lang='lat' dir='ltr'>subitam</span> <span class='ocrx_word' id='word_1_101' title='bbox 405 1827 536 1884; x_wconf 81' lang='lat' dir='ltr'>tolerare:</span> <span class='ocrx_word' id='word_1_102' title='bbox 560 1829 599 1884; x_wconf 89' lang='lat' dir='ltr'>ita</span> <span class='ocrx_word' id='word_1_103' title='bbox 610 1848 712 1905; x_wconf 79' lang='lat' dir='ltr'>magno</span> <span class='ocrx_word' id='word_1_104' title='bbox 726 1827 855 1885; x_wconf 69' lang='lat' dir='ltr'>turbidus</span> <span class='ocrx_word' id='word_1_105' title='bbox 865 1825 951 1883; x_wconf 88' lang='lat' dir='ltr'>imbri</span> 
     </span>
     <span class='ocr_line' id='line_1_19' title="bbox 184 1906 897 1974; baseline -0.007 -4"><span class='ocrx_word' id='word_1_106' title='bbox 184 1909 313 1970; x_wconf 85' lang='lat' dir='ltr'>Molibus</span> <span class='ocrx_word' id='word_1_107' title='bbox 323 1906 468 1965; x_wconf 78' lang='lat' dir='ltr'>incurrens</span> <span class='ocrx_word' id='word_1_108' title='bbox 481 1908 582 1967; x_wconf 86' lang='lat' dir='ltr'>validis</span> <span class='ocrx_word' id='word_1_109' title='bbox 595 1928 659 1966; x_wconf 90' lang='lat' dir='ltr'>cum</span> <span class='ocrx_word' id='word_1_110' title='bbox 673 1909 781 1967; x_wconf 84' lang='lat' dir='ltr'>viribus</span> <span class='ocrx_word' id='word_1_111' title='bbox 795 1906 897 1974; x_wconf 74' lang='lat' dir='ltr'>amnis.</span> 
     </span>
     <span class='ocr_line' id='line_1_20' title="bbox 184 1986 980 2066; baseline -0.009 -18"><span class='ocrx_word' id='word_1_112' title='bbox 184 1990 241 2048; x_wconf 90' lang='lat' dir='ltr'>Dat</span> <span class='ocrx_word' id='word_1_113' title='bbox 254 1988 348 2046; x_wconf 89' lang='lat' dir='ltr'>sonitu</span> <span class='ocrx_word' id='word_1_114' title='bbox 360 2007 462 2064; x_wconf 81' lang='lat' dir='ltr'>magno</span> <span class='ocrx_word' id='word_1_115' title='bbox 473 1986 608 2066; x_wconf 69' lang='lat' dir='ltr'>stragem</span> <span class='ocrx_word' id='word_1_116' title='bbox 632 1989 780 2064; x_wconf 79' lang='lat' dir='ltr'>volvitque</span> <span class='ocrx_word' id='word_1_117' title='bbox 793 1989 843 2044; x_wconf 87' lang='lat' dir='ltr'>lub</span> <span class='ocrx_word' id='word_1_118' title='bbox 853 1987 939 2044; x_wconf 77' lang='lat' dir='ltr'>undis</span> <span class='ocrx_word' id='word_1_119' title='bbox 977 1992 980 1999; x_wconf 94' lang='lat'>&#39;</span> 
     </span>
     <span class='ocr_line' id='line_1_21' title="bbox 186 2066 950 2146; baseline -0.008 -19"><span class='ocrx_word' id='word_1_120' title='bbox 186 2069 315 2127; x_wconf 87' lang='lat' dir='ltr'>Grandia</span> <span class='ocrx_word' id='word_1_121' title='bbox 325 2067 399 2134; x_wconf 85' lang='lat' dir='ltr'>saxa,</span> <span class='ocrx_word' id='word_1_122' title='bbox 416 2067 472 2124; x_wconf 90' lang='lat' dir='ltr'>ruit</span> <span class='ocrx_word' id='word_1_123' title='bbox 483 2089 538 2144; x_wconf 88' lang='lat' dir='ltr'>qua</span> <span class='ocrx_word' id='word_1_124' title='bbox 551 2069 691 2146; x_wconf 91' lang='lat' dir='ltr'>quidquid</span> <span class='ocrx_word' id='word_1_125' title='bbox 705 2069 835 2128; x_wconf 70' lang='lat' dir='ltr'>lindibus</span> <span class='ocrx_word' id='word_1_126' title='bbox 846 2066 950 2124; x_wconf 89' lang='lat' dir='ltr'>obllat.</span> 
     </span>
     <span class='ocr_line' id='line_1_22' title="bbox 185 2148 963 2228; baseline -0.012 -19"><span class='ocrx_word' id='word_1_127' title='bbox 185 2151 231 2211; x_wconf 82' lang='lat' dir='ltr'>sic</span> <span class='ocrx_word' id='word_1_128' title='bbox 243 2150 334 2228; x_wconf 81' lang='lat' dir='ltr'>igitur</span> <span class='ocrx_word' id='word_1_129' title='bbox 341 2148 443 2206; x_wconf 85' lang='lat' dir='ltr'>debent</span> <span class='ocrx_word' id='word_1_130' title='bbox 458 2169 562 2209; x_wconf 77' lang='lat' dir='ltr'>vauri</span> <span class='ocrx_word' id='word_1_131' title='bbox 575 2170 688 2226; x_wconf 84' lang='lat' dir='ltr'>quoque</span> <span class='ocrx_word' id='word_1_132' title='bbox 702 2150 815 2208; x_wconf 86' lang='lat' dir='ltr'>flamina</span> <span class='ocrx_word' id='word_1_133' title='bbox 828 2148 912 2204; x_wconf 78' lang='lat' dir='ltr'>ferri:</span> <span class='ocrx_word' id='word_1_134' title='bbox 960 2194 963 2201; x_wconf 88' lang='lat'><em>.</em></span> 
     </span>
     <span class='ocr_line' id='line_1_23' title="bbox 190 2229 912 2309; baseline -0.003 -23"><span class='ocrx_word' id='word_1_135' title='bbox 190 2231 274 2308; x_wconf 75' lang='lat' dir='ltr'>Qua,</span> <span class='ocrx_word' id='word_1_136' title='bbox 287 2230 377 2288; x_wconf 87' lang='lat' dir='ltr'>veluti</span> <span class='ocrx_word' id='word_1_137' title='bbox 390 2229 516 2285; x_wconf 82' lang='lat' dir='ltr'>validum</span> <span class='ocrx_word' id='word_1_138' title='bbox 529 2231 646 2297; x_wconf 81' lang='lat' dir='ltr'>flumen,</span> <span class='ocrx_word' id='word_1_139' title='bbox 661 2251 727 2289; x_wconf 86' lang='lat' dir='ltr'>cum</span> <span class='ocrx_word' id='word_1_140' title='bbox 737 2230 912 2309; x_wconf 83' lang='lat' dir='ltr'>procubuere</span> 
     </span>
     <span class='ocr_line' id='line_1_24' title="bbox 188 2308 969 2386; baseline -0.001 -20"><span class='ocrx_word' id='word_1_141' title='bbox 188 2310 361 2385; x_wconf 76' lang='lat' dir='ltr'>Quamlibet</span> <span class='ocrx_word' id='word_1_142' title='bbox 375 2308 408 2365; x_wconf 90' lang='lat' dir='ltr'>in</span> <span class='ocrx_word' id='word_1_143' title='bbox 421 2325 540 2385; x_wconf 77' lang='lat' dir='ltr'>partem,</span> <span class='ocrx_word' id='word_1_144' title='bbox 557 2311 676 2369; x_wconf 88' lang='lat' dir='ltr'>trudunt</span> <span class='ocrx_word' id='word_1_145' title='bbox 688 2334 729 2370; x_wconf 85' lang='lat' dir='ltr'>res</span> <span class='ocrx_word' id='word_1_146' title='bbox 737 2328 811 2378; x_wconf 86' lang='lat' dir='ltr'>ante,</span> <span class='ocrx_word' id='word_1_147' title='bbox 828 2321 969 2386; x_wconf 83' lang='lat' dir='ltr'>ruuntque</span> 
     </span>
     <span class='ocr_line' id='line_1_25' title="bbox 185 2390 846 2466; baseline 0.003 -19"><span class='ocrx_word' id='word_1_148' title='bbox 185 2390 344 2466; x_wconf 84' lang='lat' dir='ltr'>Impetibus</span> <span class='ocrx_word' id='word_1_149' title='bbox 357 2390 479 2457; x_wconf 82' lang='lat' dir='ltr'>crebris;</span> <span class='ocrx_word' id='word_1_150' title='bbox 504 2391 648 2449; x_wconf 89' lang='lat' dir='ltr'>interdurn</span> <span class='ocrx_word' id='word_1_151' title='bbox 660 2394 763 2450; x_wconf 86' lang='lat' dir='ltr'>vertice</span> <span class='ocrx_word' id='word_1_152' title='bbox 773 2408 846 2451; x_wconf 88' lang='lat' dir='ltr'>torto</span> 
     </span>
     <span class='ocr_line' id='line_1_26' title="bbox 185 2468 934 2551; baseline 0.001 -25"><span class='ocrx_word' id='word_1_153' title='bbox 185 2468 368 2546; x_wconf 79' lang='lat' dir='ltr'>corripiunt.</span> <span class='ocrx_word' id='word_1_154' title='bbox 384 2470 539 2548; x_wconf 89' lang='lat' dir='ltr'>rapidoque</span> <span class='ocrx_word' id='word_1_155' title='bbox 553 2473 672 2530; x_wconf 87' lang='lat' dir='ltr'>rotantia</span> <span class='ocrx_word' id='word_1_156' title='bbox 683 2475 795 2532; x_wconf 84' lang='lat' dir='ltr'>turbine</span> <span class='ocrx_word' id='word_1_157' title='bbox 809 2484 934 2551; x_wconf 86' lang='lat' dir='ltr'>portant.</span> 
     </span>
     <span class='ocr_line' id='line_1_27' title="bbox 187 2551 983 2630; baseline 0.004 -24"><span class='ocrx_word' id='word_1_158' title='bbox 187 2551 471 2627; x_wconf 76' lang='lat' dir='ltr'>Quare-etiamatque</span> <span class='ocrx_word' id='word_1_159' title='bbox 480 2551 636 2610; x_wconf 86' lang='lat' dir='ltr'>etiamlunt</span> <span class='ocrx_word' id='word_1_160' title='bbox 650 2575 753 2613; x_wconf 78' lang='lat' dir='ltr'>vauri</span> <span class='ocrx_word' id='word_1_161' title='bbox 767 2573 887 2630; x_wconf 75' lang='lat' dir='ltr'>corpora</span> <span class='ocrx_word' id='word_1_162' title='bbox 898 2565 983 2609; x_wconf 61' lang='lat' dir='ltr'>cece}</span> 
     </span>
     <span class='ocr_line' id='line_1_28' title="bbox 186 2628 939 2706; baseline 0.001 -21"><span class='ocrx_word' id='word_1_163' title='bbox 186 2629 428 2706; x_wconf 76' lang='lat' dir='ltr'>Quandoquidem</span> <span class='ocrx_word' id='word_1_164' title='bbox 441 2628 518 2684; x_wconf 68' lang='lat' dir='ltr'>fatris</span> <span class='ocrx_word' id='word_1_165' title='bbox 527 2649 558 2685; x_wconf 87' lang='lat' dir='ltr'>ac</span> <span class='ocrx_word' id='word_1_166' title='bbox 571 2632 710 2697; x_wconf 74' lang='lat' dir='ltr'>moribus,</span> <span class='ocrx_word' id='word_1_167' title='bbox 720 2635 819 2687; x_wconf 81' lang='lat' dir='ltr'>amula</span> <span class='ocrx_word' id='word_1_168' title='bbox 829 2631 939 2706; x_wconf 74' lang='lat' dir='ltr'>magnit</span> 
     </span>
     <span class='ocr_line' id='line_1_29' title="bbox 184 2706 926 2787; baseline -0.001 -21"><span class='ocrx_word' id='word_1_169' title='bbox 184 2708 327 2766; x_wconf 79' lang='lat' dir='ltr'>Amnibue</span> <span class='ocrx_word' id='word_1_170' title='bbox 339 2706 536 2777; x_wconf 81' lang='lat' dir='ltr'>inveniuntur,</span> <span class='ocrx_word' id='word_1_171' title='bbox 550 2724 648 2786; x_wconf 86' lang='lat' dir='ltr'>aperto</span> <span class='ocrx_word' id='word_1_172' title='bbox 658 2731 774 2787; x_wconf 86' lang='lat' dir='ltr'>corpore</span> <span class='ocrx_word' id='word_1_173' title='bbox 786 2712 836 2786; x_wconf 91' lang='lat' dir='ltr'>qui</span> <span class='ocrx_word' id='word_1_174' title='bbox 850 2709 926 2766; x_wconf 82' lang='lat' dir='ltr'>lunt.</span> 
     </span>
     <span class='ocr_line' id='line_1_30' title="bbox 229 2787 922 2866; baseline 0.001 -21"><span class='ocrx_word' id='word_1_175' title='bbox 229 2788 307 2845; x_wconf 91' lang='lat' dir='ltr'>Tum</span> <span class='ocrx_word' id='word_1_176' title='bbox 319 2807 407 2866; x_wconf 87' lang='lat' dir='ltr'>porro</span> <span class='ocrx_word' id='word_1_177' title='bbox 420 2787 514 2844; x_wconf 84' lang='lat' dir='ltr'>varios</span> <span class='ocrx_word' id='word_1_178' title='bbox 527 2809 621 2846; x_wconf 86' lang='lat' dir='ltr'>rerum</span> <span class='ocrx_word' id='word_1_179' title='bbox 634 2788 765 2848; x_wconf 85' lang='lat' dir='ltr'>sentimus</span> <span class='ocrx_word' id='word_1_180' title='bbox 778 2809 922 2856; x_wconf 79' lang='lat' dir='ltr'>ouorrt,</span> 
     </span>
     <span class='ocr_line' id='line_1_31' title="bbox 187 2865 974 2946; baseline 0.003 -24"><span class='ocrx_word' id='word_1_181' title='bbox 187 2865 245 2924; x_wconf 82' lang='lat' dir='ltr'>Nec</span> <span class='ocrx_word' id='word_1_182' title='bbox 259 2883 352 2927; x_wconf 86' lang='lat' dir='ltr'>tamen</span> <span class='ocrx_word' id='word_1_183' title='bbox 361 2867 397 2925; x_wconf 83' lang='lat' dir='ltr'>ad</span> <span class='ocrx_word' id='word_1_184' title='bbox 408 2867 499 2924; x_wconf 71' lang='lat' dir='ltr'>nareis</span> <span class='ocrx_word' id='word_1_185' title='bbox 512 2870 665 2927; x_wconf 83' lang='lat' dir='ltr'>venienteis</span> <span class='ocrx_word' id='word_1_186' title='bbox 674 2872 814 2928; x_wconf 88' lang='lat' dir='ltr'>cernimus</span> <span class='ocrx_word' id='word_1_187' title='bbox 830 2887 974 2946; x_wconf 86' lang='lat' dir='ltr'>unquam:</span> 
     </span>
     <span class='ocr_line' id='line_1_32' title="bbox 187 2949 979 3026; baseline 0.003 -23"><span class='ocrx_word' id='word_1_188' title='bbox 187 2949 245 3004; x_wconf 90' lang='lat' dir='ltr'>Nec</span> <span class='ocrx_word' id='word_1_189' title='bbox 255 2951 359 3007; x_wconf 80' lang='lat' dir='ltr'>calidos</span> <span class='ocrx_word' id='word_1_190' title='bbox 370 2949 623 3016; x_wconf 77' lang='lat' dir='ltr'>arsruatuimur.</span> <span class='ocrx_word' id='word_1_191' title='bbox 639 2971 689 3007; x_wconf 88' lang='lat' dir='ltr'>nec</span> <span class='ocrx_word' id='word_1_192' title='bbox 701 2972 852 3010; x_wconf 76' lang='lat' dir='ltr'>rumora</span> <span class='ocrx_word' id='word_1_193' title='bbox 864 2951 979 3026; x_wconf 69' lang='lat' dir='ltr'>quimus</span> 
     </span>
     <span class='ocr_line' id='line_1_33' title="bbox 188 3027 978 3108; baseline -0.001 -22"><span class='ocrx_word' id='word_1_194' title='bbox 188 3027 330 3108; x_wconf 82' lang='lat' dir='ltr'>Ulurpare</span> <span class='ocrx_word' id='word_1_195' title='bbox 337 3031 438 3093; x_wconf 70' lang='lat' dir='ltr'>oculu,</span> <span class='ocrx_word' id='word_1_196' title='bbox 453 3046 503 3085; x_wconf 90' lang='lat' dir='ltr'>uec</span> <span class='ocrx_word' id='word_1_197' title='bbox 517 3049 623 3088; x_wconf 76' lang='lat' dir='ltr'>vocas</span> <span class='ocrx_word' id='word_1_198' title='bbox 639 3051 750 3088; x_wconf 86' lang='lat' dir='ltr'>cemere</span> <span class='ocrx_word' id='word_1_199' title='bbox 760 3032 884 3095; x_wconf 72' lang='lat' dir='ltr'>suemusr</span> <span class='ocrx_word' id='word_1_200' title='bbox 976 3080 978 3085; x_wconf 92' lang='lat'><em>.</em></span> 
     </span>
    </p>
   </div>
   <div class='ocr_carea' id='block_1_3' title="bbox 187 3106 979 3427">
    <p class='ocr_par' dir='ltr' id='par_1_3' title="bbox 189 3106 906 3187">
     <span class='ocr_line' id='line_1_34' title="bbox 189 3106 906 3187; baseline 0.004 -23"><span class='ocrx_word' id='word_1_201' title='bbox 189 3109 259 3183; x_wconf 73' lang='lat' dir='ltr'>Qua</span> <span class='ocrx_word' id='word_1_202' title='bbox 271 3125 364 3167; x_wconf 77' lang='lat' dir='ltr'>tamen</span> <span class='ocrx_word' id='word_1_203' title='bbox 374 3107 472 3168; x_wconf 85' lang='lat' dir='ltr'>omnia</span> <span class='ocrx_word' id='word_1_204' title='bbox 484 3129 620 3187; x_wconf 84' lang='lat' dir='ltr'>corporea</span> <span class='ocrx_word' id='word_1_205' title='bbox 628 3114 749 3169; x_wconf 84' lang='lat' dir='ltr'>constare</span> <span class='ocrx_word' id='word_1_206' title='bbox 762 3111 865 3169; x_wconf 86' lang='lat' dir='ltr'>necelle</span> <span class='ocrx_word' id='word_1_207' title='bbox 877 3106 906 3167; x_wconf 81' lang='lat' dir='ltr'>&#39;st</span> 
     </span>
    </p>

    <p class='ocr_par' dir='ltr' id='par_1_4' title="bbox 187 3189 862 3270">
     <span class='ocr_line' id='line_1_35' title="bbox 187 3189 862 3270; baseline 0.004 -25"><span class='ocrx_word' id='word_1_208' title='bbox 187 3189 310 3247; x_wconf 78' lang='lat' dir='ltr'>Nature:</span> <span class='ocrx_word' id='word_1_209' title='bbox 333 3192 469 3266; x_wconf 83' lang='lat' dir='ltr'>quoniam</span> <span class='ocrx_word' id='word_1_210' title='bbox 482 3189 571 3248; x_wconf 82' lang='lat' dir='ltr'>sensus</span> <span class='ocrx_word' id='word_1_211' title='bbox 580 3194 725 3270; x_wconf 83' lang='lat' dir='ltr'>impellere</span> <span class='ocrx_word' id='word_1_212' title='bbox 738 3192 862 3269; x_wconf 89' lang='lat' dir='ltr'>pollunt.</span> 
     </span>
    </p>

    <p class='ocr_par' dir='ltr' id='par_1_5' title="bbox 188 3266 979 3427">
     <span class='ocr_line' id='line_1_36' title="bbox 188 3266 979 3343; baseline 0.003 -16"><span class='ocrx_word' id='word_1_213' title='bbox 188 3266 352 3331; x_wconf 62' lang='lat' dir='ltr'>Turum</span> <span class='ocrx_word' id='word_1_214' title='bbox 370 3274 453 3328; x_wconf 74' lang='lat' dir='ltr'>airu</span> <span class='ocrx_word' id='word_1_215' title='bbox 466 3290 505 3327; x_wconf 80' lang='lat' dir='ltr'>rr</span> <span class='ocrx_word' id='word_1_216' title='bbox 518 3291 641 3343; x_wconf 74' lang='lat' dir='ltr'>runci.</span> <span class='ocrx_word' id='word_1_217' title='bbox 656 3293 726 3331; x_wconf 79' lang='lat' dir='ltr'>urst</span> <span class='ocrx_word' id='word_1_218' title='bbox 743 3292 884 3343; x_wconf 78' lang='lat' dir='ltr'>corros,</span> <span class='ocrx_word' id='word_1_219' title='bbox 900 3290 979 3330; x_wconf 80' lang='lat' dir='ltr'>rur·</span> 
     </span>
     <span class='ocr_line' id='line_1_37' title="bbox 317 3368 594 3427; baseline 0.007 -19"><span class='ocrx_word' id='word_1_220' title='bbox 317 3368 503 3427; x_wconf 20' lang='lat' dir='ltr'>uatrorrsr</span> <span class='ocrx_word' id='word_1_221' title='bbox 521 3372 594 3410; x_wconf 75' lang='lat' dir='ltr'>rer.</span> 
     </span>
    </p>
   </div>
   <div class='ocr_carea' id='block_1_4' title="bbox 854 3432 998 3509">
    <p class='ocr_par' dir='ltr' id='par_1_6' title="bbox 854 3432 998 3509">
     <span class='ocr_line' id='line_1_38' title="bbox 854 3432 998 3509; baseline -0.007 -18"><span class='ocrx_word' id='word_1_222' title='bbox 854 3432 998 3509; x_wconf 56' lang='lat' dir='ltr'>uenum</span> 
     </span>
    </p>
   </div>
   <div class='ocr_carea' id='block_1_5' title="bbox 0 0 1184 3875">
    <p class='ocr_par' dir='ltr' id='par_1_7' title="bbox 0 0 1184 3875">
     <span class='ocr_line' id='line_1_39' title="bbox 0 0 1184 3875; baseline 0 0"><span class='ocrx_word' id='word_1_223' title='bbox 0 0 1184 3875; x_wconf 95' lang='lat' dir='ltr'> </span> 
     </span>
    </p>
   </div>
  </div>
 </body>
</html>
