2359 3875
275 445 522 528 uruat
560 445 816 520 saurus.
911 415 990 540 '209

206 577 243 634 Et
255 579 330 654 quod
343 583 373 637 in
385 577 549 660 AEgypto'll,
564 601 617 656 qua
631 579 729 636 mundi
744 577 881 636 claudicat
890 574 972 633 axis?

207 659 325 734 Quidve
334 662 411 736 quod
423 664 452 718 in
468 659 593 720 Ponto'll
603 659 714 717 differre
728 681 743 716 a
756 657 893 724 Gadibus,
906 671 989 732 atque
1039 731 1042 736 Ι

208 737 301 813 Usque
315 742 349 797 ad
363 741 443 818 nigra
457 744 562 808 virum,
584 738 761 817 percodaque
772 739 845 795 laecla
858 735 969 794 calore?
1012 749 1015 754 '

205 819 279 893 Qua
293 841 358 877 cum
371 838 492 896 quatuor
505 822 577 877 iuter
587 822 612 876 le
625 820 732 877 diversa
742 820 870 876 videmus

206 899 339 973 Quatuor
352 920 367 956 a
382 904 467 958 ventis
481 917 507 957 ct
519 902 580 958 coeli
596 902 723 977 partibus
736 898 797 967 elle,

202 977 279 1034 Tum
293 982 407 1038 coloret
422 981 502 1037 facies
515 981 667 1037 hominurn
677 980 775 1035 dillare
788 979 923 1036 videntur

203 1056 340 1134 Largiter,
357 1077 383 1116 et
393 1064 486 1118 morbi
499 1063 646 1138 generatim
660 1061 731 1116 l'aetla
746 1076 847 1115 tenere.

244 1139 289 1195 Ell
303 1141 413 1216 elephas
427 1144 552 1207 morbus,
569 1143 616 1216 qui
631 1157 747 1216 propter
761 1141 879 1197 flumina
894 1138 955 1196 Nili

204 1217 342 1294 Gignitur
350 1223 469 1298 AEgypto
477 1223 506 1277 iu
514 1223 614 1287 media,
622 1242 710 1294 neque
722 1235 849 1296 praterea
857 1219 984 1294 usquam.

247 1299 366 1357 Atthide
380 1317 521 1357 tentantur
535 1301 645 1377 grellus,
661 1301 790 1375 oculique
804 1300 834 1354 iu
844 1296 957 1354 Achaia

202 1379 330 1446 linibus,
346 1382 410 1437 inde
424 1382 484 1438 aliis
498 1383 568 1437 alius
582 1385 658 1438 locus
673 1381 707 1435 cll
721 1380 853 1436 iuimicus

204 1460 333 1516 Partibus
349 1482 377 1517 ac
393 1463 538 1517 membris:
563 1462 656 1517 varius
671 1461 820 1517 concinnat
837 1459 867 1516 id
880 1478 938 1513 aer.

203 1539 326 1595 Proinde
336 1544 382 1598 ubi
398 1542 422 1596 se
433 1544 543 1608 coelum,
553 1542 629 1616 quod
642 1542 723 1597 nobis
736 1541 805 1597 lorte
818 1533 984 1604 alienum'll‚

204 1621 384 1688 Corumovet,
400 1638 480 1698 atque
494 1643 539 1678 aer
550 1624 680 1678 inimicus
693 1623 799 1697 serpere
813 1619 912 1696 coepit:

204 1699 245 1755 Ut
256 1701 357 1757 nebula
371 1724 400 1758 ac
415 1705 501 1758 nubes
515 1705 660 1778 paullatim
675 1704 760 1779 repit,
776 1716 803 1757 et
816 1719 903 1759 omne

174 1811 178 1820 ·
203 1781 270 1855 Qua
284 1783 423 1854 graditur,
439 1786 596 1848 conturbat,
612 1798 638 1838 et
651 1785 798 1838 immutare
808 1780 921 1837 euadat.

203 1861 247 1915 Fit
261 1880 381 1938 quoque,
395 1879 425 1918 ut
447 1864 477 1918 iu
491 1863 616 1919 nollrum
630 1882 694 1918 cum
709 1863 785 1917 venit
798 1861 919 1935 denique
932 1879 985 1914 coe·

283 1944 355 2011 lum,

203 2022 387 2099 Corrumpat,
405 2026 555 2101 reddatque
569 2024 611 2080 lui
625 2023 712 2080 simile
725 2037 807 2095 atque
821 2022 957 2077 alienum.

246 2105 312 2160 Haec
328 2106 416 2180 igitur
427 2107 516 2162 l'ubito
527 2105 614 2161 clades
630 2122 713 2168 nova,
730 2100 926 2177 pestilitasque,

200 2183 262 2239 Aut
278 2185 306 2239 in
323 2205 405 2258 aquas
416 2185 502 2251 cadit,
518 2200 565 2240 aut
578 2182 670 2258 fruges
686 2181 798 2257 perfidit
811 2181 841 2237 in
854 2178 937 2255 iplas,

201 2266 262 2320 Aut
275 2266 344 2319 alios
358 2264 505 2320 homiuum
520 2263 620 2340 pallus,
634 2264 830 2338 pecudumque
843 2260 965 2315 cibatus:

201 2345 263 2400 Aut
272 2347 354 2400 etiam
370 2346 494 2420 l'ulpcula
507 2359 599 2401 manet
612 2345 654 2399 vis
672 2363 730 2399 aere
746 2341 866 2418 inipso:

203 2425 313 2480 Etcum
328 2425 471 2499 lpirarrteis
486 2425 575 2481 millas
586 2424 654 2480 hinc
665 2425 794 2480 ducimus
807 2441 897 2487 auras,

201 2506 254 2560 Illa
267 2525 378 2580 quoquc
392 2507 421 2561 iu
436 2526 538 2581 corpus
552 2505 656 2579 pariter
670 2505 776 2560 sorbere
790 2497 935 2558 necelle'll.
984 2566 986 2571 Ι

202 2586 350 2642 Conlimili
366 2587 469 2641 ratione
484 2587 562 2642 venit
574 2586 665 2639 bubus
676 2603 785 2657 quoque
799 2583 866 2656 sepe

200 2665 344 2731 Pellilitas,
361 2667 443 2721 etiam
459 2667 581 2740 pecubus
596 2665 751 2719 balantibus
765 2682 862 2738 aegror.

200 2747 258 2801 Nec
275 2746 355 2803 selei-t
367 2761 462 2802 utrum
477 2766 527 2801 nos
539 2746 568 2800 in
581 2745 641 2800 loca
655 2744 834 2800 deveniamus

198 2826 285 2883 Nobis
298 2826 420 2891 adversa,
438 2841 464 2881 et
477 2826 537 2881 coeli
551 2840 692 2879 mutemus
703 2822 832 2878 amilium
846 2842 853 2877 ε

198 2908 246 2961 An
260 2909 362 2962 coelum
376 2907 455 2961 uobis
470 2908 544 2962 ultro
558 2920 655 2960 natura
670 2920 816 2961 cruentum

196 2986 318 3052 Deserat,
334 3002 382 3041 aut
395 2986 514 3061 aliquid,
530 3006 587 3059 quo
603 3003 659 3041 non
671 2985 867 3040 consuevimus
877 2982 932 3048 uti,

196 3067 284 3143 Quod
299 3087 349 3122 nos
361 3066 481 3123 adventu
497 3066 576 3141 pollit
589 3080 692 3121 tentare
707 3065 819 3121 receuti.

239 3146 532 3221 Haecratioquondam
543 3147 718 3211 morborum,
736 3162 761 3200 et
776 3140 979 3202 mortiferellus

196 3224 308 3281 Finibu'
321 3226 596 3300 Cecropiislunellos
611 3225 730 3282 reddidit
744 3244 835 3301 agros,

195 3306 375 3379 Vallasitque
390 3306 458 3367 vias,
472 3305 594 3362 exhausit
608 3305 716 3362 civibus
731 3308 841 3361 urbem.

195 3387 267 3440 Nam
283 3386 394 3461 penitus
409 3386 519 3443 venitus
533 3386 648 3463 AEgypti
663 3406 676 3441 e
691 3386 793 3444 finibus
806 3401 895 3453 ortus,
924 3464 955 3520 λ

951 3483 1002 3517 era
