2359 3875
205 424 406 495 rrner
451 362 759 521 enims.
813 491 815 498 ,
856 435 917 482 1‘21

145 550 221 613 Unde
231 556 319 613 fluens
331 557 426 613 volvat
438 555 533 610 varius
546 552 572 607 se
581 550 679 609 [lullus
689 549 820 605 odorum.

113 659 117 666 ·
143 635 208 691 Nam
223 636 318 702 fluere,
329 634 436 691 ermitti
447 635 541 709 volgo,
555 632 702 708 spargique
712 621 916 705 putandum'll.

142 714 243 771 Verum
258 715 319 772 aliis
332 716 403 771 aliur
416 714 504 789 magis
516 712 551 769 est
564 710 755 768 animantibus
764 723 856 784 aptus,

141 794 297 851 Diffimileis
309 809 427 871 propter
440 792 557 849 formas:
583 792 700 865 ideoque
710 810 760 864 per
773 806 852 842 auras
870 832 874 838 .
927 837 929 841 ,

140 871 230 932 Mellis
243 895 308 951 apes
322 873 450 949 quamvis
463 876 543 949 longe
555 873 698 929 ducuntur
710 869 815 932 odorer
851 866 856 875 ’

139 954 321 1029 Volturiique
333 953 526 1018 cadaveribus3
552 954 612 1009 tulii
627 950 682 1008 filla
691 949 812 1006 ferarum

140 1034 253 1112 Ungula
267 1054 325 1109 quo
335 1035 429 1090 tulerit
441 1032 569 1110 grellum‚
584 1030 715 1109 promilla
725 1048 825 1086 canum
835 1030 878 1086 vis

139 1115 242 1181 Ducit;
258 1132 286 1171 et
300 1114 457 1170 humanum
471 1114 553 1189 longe
566 1111 708 1190 praesentit
727 1109 842 1166 odorem

140 1195 356 1253 Romulidarum
369 1193 440 1250 arcis
453 1193 583 1263 servator,
598 1191 734 1249 candidus
746 1188 833 1245 anser.

139 1276 181 1333 sic
189 1277 255 1333 aliis
263 1277 335 1331 aliur
346 1274 432 1331 nidor
444 1273 524 1330 datus
538 1274 573 1330 ad
587 1273 632 1331 lua
645 1287 782 1346 quemque

139 1356 243 1414 Pabula
256 1354 351 1419 ducit3
375 1370 402 1411 et
415 1374 430 1409 a
444 1367 513 1409 tetro
524 1354 624 1410 resilire
639 1370 745 1408 veneno

98 1436 102 1443 ’
139 1436 239 1513 Cogit3
264 1454 352 1510 eoque
361 1434 445 1507 modo
454 1433 685 1491 ‘servantursaecla
698 1429 830 1487 ferarum.

95 3476 110 3507 ,
187 3462 192 3471 .

138 1518 193 1574 Hic
205 1516 279 1573 odor
292 1515 350 1591 ipse
364 1516 464 1589 igitur,
475 1515 567 1573 nareis.
577 1516 738 1589 quicunque
748 1511 857 1581 laceffie

140 1596 196 1663 llll,
209 1596 266 1653 alio
279 1611 310 1652 ur
324 1595 405 1672 pollrt
420 1594 543 1669 permitti
558 1596 672 1671 longius
681 1594 761 1649 alter.

140 1677 192 1734 Sed
206 1693 299 1752 temen
312 1674 386 1733 haud
396 1674 541 1750 quisquam
554 1691 610 1730 tam
621 1677 704 1748 longe
714 1670 802 1730 fertur
811 1692 920 1739 eorum.

141 1754 370 1834 Quamlonitu53
387 1774 555 1831 qnamvoxr
572 1755 655 1811 mitto
660 1757 719 1833 jam
727 1753 829 1822 dicere,
838 1773 924 1829 quam
968 1747 971 1753 ’

267 1857 320 1903 res,
689 1879 694 1885 .

141 1920 213 1994 Quae
225 1915 333 1976 feriunt
345 1919 494 1976 oculorum
506 1919 587 1986 acies,
604 1918 749 1994 visumque
762 1914 901 1975 lacellunt.

140 2000 323 2057 Errabundus
335 2001 411 2055 enirn
425 1999 501 2056 tarde
510 2003 603 2067 venit;
621 2022 651 2057 ac
665 2000 738 2076 perit
750 2015 813 2054 ante

140 2082 290 2139 Paullatim
302 2079 545 2136 facilisdillradlur
556 2082 586 2138 in
600 2083 669 2137 aeris
681 2098 775 2135 auras:

140 2162 185 2218 Ex
198 2163 253 2221 alto
268 2162 394 2236 primum
407 2160 476 2236 quia
489 2163 538 2217 vix
552 2164 693 2219 emittitur
705 2180 739 2216 ex
752 2179 792 2214 re.

141 2243 214 2299 Nam
229 2241 338 2317 penitus
352 2241 447 2306 fluere,
464 2257 546 2315 atque
559 2243 681 2300 recedere
691 2242 772 2299 rebus
783 2238 882 2296 odores

140 2321 295 2399 Significat,
310 2318 387 2396 quod
400 2319 482 2376 fraela
495 2324 582 2398 magis
596 2323 718 2379 redolere
732 2321 864 2377 videntur

145 2400 271 2467 Omniar
296 2400 516 2476 quodcontrita;
541 2403 618 2477 quod
631 2405 690 2479 igni
703 2400 896 2458 conlabelalla.

141 2480 251 2540 Deinde
264 2480 356 2538 ridere
369 2481 432 2538 lieet
445 2483 596 2558 majoribus
608 2482 659 2539 elle
671 2497 795 2539 creatum

142 2561 391 2637 Principiisvoci:
415 2563 549 2637 quoniam
563 2583 613 2639 per
627 2565 703 2620 saxee
715 2562 797 2636 saepta

138 2645 210 2701 ,Non
220 2656 359 2718 penetrat,
371 2661 426 2716 qua
436 2661 492 2698 vox
502 2645 596 2720 volgo,
612 2642 770 2715 sonitusque
783 2638 922 2695 feruntur.

143 2727 240 2800 Qrare
252 2723 336 2778 etiam
349 2721 424 2796 quod
437 2723 503 2790 olet,
517 2721 574 2780 no'n
590 2739 646 2779 tam
659 2721 739 2777 facile
749 2716 800 2775 elle
813 2718 922 2777 ridebis

144 2801 322 2878 Investigare‚
337 2802 434 2876 inqua
448 2802 479 2857 lit
490 2805 602 2880 regione
616 2806 738 2860 locatum
749 2822 757 2858 e

146 2881 309 2959 Refrigeseit
318 2881 393 2937 enirn
407 2882 559 2939 enarrando
573 2886 654 2962 plaga
668 2905 718 2960 per
730 2905 826 2950 auras;

145 2964 203 3019 Nec
216 2961 303 3018 calida
314 2961 349 3018 ad
361 2961 466 3017 sensum
479 2962 601 3021 decurrit
615 2966 713 3022 nuntia
725 2986 829 3022 rerum.

146 3043 249 3098 Errant
262 3042 331 3117 laepe
343 3061 421 3097 canes
430 3043 532 3117 iraque,
541 3060 573 3100 et
587 3045 698 3121 vestigia
710 3060 849 3121 querunt.

188 3122 247 3179 Nec
257 3136 348 3179 tamen
357 3120 410 3179 hoc
420 3120 482 3180 lolis
492 3125 520 3179 in
533 3125 680 3193 odoribus,
693 3143 775 3201 atque
787 3125 915 3204 saporum

150 3201 184 3258 ln
194 3220 292 3278 genere
305 3199 356 3257 ell:
373 3201 417 3258 led
427 3201 494 3260 irem
504 3204 604 3280 species
615 3225 719 3271 rerum,
731 3220 812 3281 atque
821 3210 927 3264 colores

148 3282 215 3339 Non
226 3283 266 3340 in
278 3281 451 3339 conveniunt
463 3284 596 3341 adsensus
609 3287 739 3342 omnibus
751 3292 857 3355 omnen,

149 3361 191 3420 Ut'
199 3382 257 3421 non
271 3363 323 3421 fint
334 3361 396 3420 aliie
408 3364 535 3438 quedam
547 3365 634 3444 magis
645 3368 718 3425 acria
731 3366 801 3426 vilu.
860 3388 864 3395 ’

520 3443 546 3501 L
841 3447 945 3527 ψ.
