2359 3875
281 429 474 499 LIBER
512 426 781 500 SEXTUS.
870 447 935 513 193

198 561 254 616 His
266 560 354 636 igitur
366 563 445 618 rebut
458 560 619 637 suhjnnffir,
632 559 846 636 suppositisque3

150 641 242 697 Terra
256 640 373 717 superne
385 643 478 697 tremit
491 642 600 716 magnis
612 639 738 696 conculsa
751 639 841 694 ruinis

152 721 266 787 Subter,
282 721 331 777 ubi
344 722 481 797 iugenteis
494 721 637 797 speluncas
648 720 756 776 subruit
766 734 846 773 aetasr

152 802 276 877 Quippe
288 801 391 857 cadunt
402 802 455 856 toti
468 815 585 864 montes,
601 819 755 875 magnoque
768 813 879 872 repente

152 878 314 947 conculsa,
326 881 378 936 late
389 878 545 955 disserpunt
555 879 623 935 inde
636 895 784 936 tremores:

154 961 191 1014 Et
204 962 317 1026 merito,
332 962 467 1035 quoniam
480 960 609 1035 plaullris
622 958 748 1015 conculsa
762 956 923 1014 tremiscunt

153 1039 240 1095 Tcsla
249 1040 323 1096 viam
336 1057 455 1116 propter
466 1059 524 1095 non
538 1058 639 1115 magno
649 1038 771 1114 pondere
784 1052 851 1093 tota.

156 1121 216 1175 Nec
230 1120 323 1176 minus
336 1120 485 1185 exsultant,
500 1120 549 1175 ubi
564 1139 662 1174 currus
676 1118 755 1174 sortis
768 1138 872 1194 equum
882 1116 924 1174 vis

157 1201 281 1256 serratos
296 1200 428 1274 utrinque
443 1214 565 1257 rotarum
578 1199 694 1255 succutit
706 1199 809 1255 orbeis.

201 1282 247 1336 Fit
258 1299 381 1355 quoque,
398 1281 447 1336 ubi
462 1300 576 1356 magnas
589 1280 619 1334 in
632 1298 717 1354 aqua,
740 1277 878 1351 vastasque
898 1278 937 1331 la-

286 1381 371 1416 cunas
637 1386 639 1390 ·

161 1440 249 1495 Gleba
263 1439 395 1496 vetustate
409 1458 423 1494 e
438 1457 509 1497 terra
523 1442 698 1517 provolvitur
712 1442 819 1517 ingens,

161 1520 201 1577 Ut
210 1518 327 1595 jasletur
338 1540 421 1594 aqua,
436 1538 463 1577 et
477 1521 561 1577 fluctu
573 1542 685 1596 quoque
698 1536 768 1577 terra
783 1518 904 1575 vacillet:

160 1600 201 1656 Ut
214 1620 259 1656 vas
274 1602 304 1656 iu
318 1616 389 1656 tetra
401 1621 459 1657 non
472 1603 533 1675 quit
546 1602 679 1667 anullare,
696 1602 745 1657 nisi
760 1601 863 1657 humor

158 1679 269 1735 Destitit
281 1680 312 1735 in
326 1680 418 1737 dubio
428 1680 513 1738 lluslu
521 1682 649 1757 jaslarier
662 1682 748 1737 intus.

202 1760 346 1825 Praeterea‚
362 1777 461 1817 ventus
475 1782 537 1817 curn
554 1783 602 1836 per
616 1761 674 1817 loca
687 1762 803 1818 subcava
818 1777 895 1819 terrae

159 1840 307 1896 Conleslns
323 1844 395 1915 parti
409 1862 444 1897 ert
455 1862 511 1897 una
524 1843 693 1915 procumbit,
709 1859 734 1897 et
747 1857 824 1918 urget

160 1919 292 1977 Obnixus
315 1922 422 1996 magnis
434 1922 578 1997 speluncas
593 1923 699 1978 viribus
709 1925 789 1987 altas;

159 2001 304 2057 Incumbit
317 2004 404 2066 tellus,
421 2022 478 2078 quo
490 2005 564 2058 venti
581 2023 668 2077 prona
683 2003 786 2077 premit
798 2003 854 2058 vis:

158 2081 246 2146 Turn,
261 2081 359 2156 supera
374 2096 472 2138 terram
485 2103 545 2156 quae
560 2082 762 2139 suntexllrusla
774 2081 934 2150 domorum,

160 2160 209 2216 Ad
222 2163 379 2235 coelurnquc
391 2163 477 2237 magia
491 2180 595 2237 quanto
610 2164 672 2218 sunt
686 2163 759 2218 edita
773 2181 899 2236 quaeque,
949 2166 952 2172 ’

161 2241 298 2296 inclinata
312 2242 419 2296 minent
433 2243 464 2297 iu
479 2244 594 2298 eandem
610 2244 718 2318 prodita
731 2258 848 2318 partem,

159 2319 360 2394 Protraslaeque
375 2324 461 2376 trabes
473 2323 638 2398 impendent
651 2325 692 2378 ire
705 2338 819 2397 parata,-

159 2401 195 2455 Et
207 2413 336 2456 metuunt
349 2404 441 2475 magni
454 2418 581 2459 naturam
595 2404 703 2459 credere
717 2403 817 2460 rnundi

114 2532 135 2547 .,
160 2480 282 2535 Exitiale
296 2482 412 2556 aliquod
427 2498 543 2556 tempus,
560 2485 718 2557 clademque
727 2494 853 2548 manere,

158 2561 233 2616 Cum
246 2559 360 2615 videant
373 2578 476 2617 tantam
490 2578 625 2621 terrarum
639 2565 799 2620 incumbere
808 2563 923 2618 molem.

160 2639 248 2716 Quod
262 2639 313 2695 nifi
326 2640 461 2715 respirent
472 2644 557 2708 venti,
572 2664 631 2699 uon
645 2644 700 2698 ulla
710 2643 832 2698 relraenet

161 2721 228 2785 Res,
244 2739 335 2795 neque
347 2723 380 2775 ab
391 2722 478 2777 exitio
492 2723 572 2797 pollit
586 2722 748 2798 reprendere
762 2722 882 2778 eunteis:

159 2802 245 2856 Nunc
259 2800 325 2874 quia
337 2800 470 2874 respirant
483 2805 605 2870 alternis,
621 2805 705 2877 inque
720 2805 893 2879 gravescunt,

162 2880 198 2935 Et
207 2879 280 2952 quali
291 2881 406 2936 conlesli
421 2881 546 2947 redeunt,
558 2885 713 2958 ceduntque
729 2884 845 2958 repulfi;

160 2959 266 3034 Saepius
275 2958 345 3014 hanc
359 2962 465 3018 obrem
479 2962 626 3019 minitatur
639 2978 709 3020 terra
723 2968 827 3029 ruinas,

162 3042 257 3116 Quam
270 3038 353 3094 facit:
378 3042 530 3098 inclinatur
542 3045 631 3110 enim,
643 3060 770 3120 retroque
780 3045 895 3112 recellit,

162 3120 198 3174 Et
210 3118 310 3194 recipit
326 3121 451 3194 prolapsa
465 3121 522 3177 suas
537 3124 561 3178 se
573 3124 603 3180 in
619 3125 741 3200 pondere
756 3125 855 3181 ledeia:

162 3199 225 3254 Hac
236 3199 324 3274 igitur
339 3200 444 3256 ratione
455 3203 583 3260 vacillant
596 3206 691 3261 omnia
704 3202 781 3271 tesia,

162 3279 277 3336 Summa
291 3280 377 3354 magis
390 3281 500 3349 mediis,
516 3285 695 3350 maritimis,
711 3286 768 3339 ima
784 3285 939 3360 perliilum.

208 3355 252 3414 Esl
266 3356 323 3416 haec
337 3359 457 3438 ejusdem
472 3364 684 3441 quoquemagui
700 3364 776 3423 cause
790 3366 927 3429 tremoris,

541 3444 567 3502 R
581 3463 599 3526 3
836 3445 951 3504 ventur
