2359 3875
271 452 337 522 170
427 426 468 499 T.
512 427 898 503 nucueTri

269 562 324 617 Illa
333 580 444 639 quoque
457 583 577 639 experge
588 562 689 621 fabium
701 581 784 642 caput
797 567 900 642 erigere
913 563 990 630 infit,
1063 575 1066 583 “

269 641 370 716 Ecquae
383 642 453 699 forte
463 644 555 699 Deum
564 647 648 701 nobie
660 645 793 702 immensa
807 645 922 721 potessas

269 723 321 789 Sit,
333 724 412 779 vario
425 739 503 780 motu
514 743 574 797 quae
587 726 705 782 candida
714 726 799 782 {idere
810 725 908 782 verset.
967 764 969 767 -

267 805 371 860 Tentat
382 804 456 859 enim
468 804 581 860 dubiam
596 821 718 862 mentem
728 807 844 863 rationis
853 805 965 881 egestae,

271 885 438 957 Ecquaenam
448 883 532 941 fuerit
542 886 641 942 mundi
656 886 783 961 genitalis
796 887 893 962 origo:

271 967 306 1020 Et
317 964 408 1029 timul,
419 984 510 1039 ecquae
525 965 558 1020 fic
572 965 646 1030 finis,
659 965 752 1042 quoad
761 967 865 1022 moenia
877 962 990 1031 mundi,

270 1048 307 1101 Et
321 1044 390 1099 tanti
402 1059 494 1101 motus
503 1042 578 1103 hunc
591 1046 692 1121 poffint
706 1045 775 1102 ferre
788 1047 930 1103 laborem:

269 1129 320 1182 Au
334 1124 471 1181 divinitus
484 1140 587 1183 aeternn
598 1126 699 1182 donata
710 1126 809 1191 salute,

270 1208 411 1281 Perpetuo
426 1205 525 1280 poffint
539 1207 589 1261 aevi
603 1208 723 1263 labentia
737 1206 835 1272 trullo,

273 1286 402 1342 lmmeusr
417 1285 522 1343 validas
533 1287 582 1341 aevi
598 1302 771 1343 contemnere
783 1285 879 1343 vireis.

226 1398 229 1401 >
316 1367 462 1433 Praeterea,
477 1368 523 1423 cui
535 1386 594 1424 non
608 1368 718 1423 animus
731 1365 882 1424 formidine
893 1368 995 1424 divum

271 1446 480 1503 Contrahitur?
502 1449 547 1503 cui
562 1466 619 1503 uon
633 1462 791 1522 conrepunt
801 1449 925 1505 membra
938 1465 1055 1524 pavore,

271 1528 409 1585 Fulminis
422 1526 553 1583 horribili
566 1547 630 1582 cum
643 1529 724 1603 plaga
737 1526 841 1584 torrida
851 1529 934 1584 tellus

271 1607 618 1681 Contremit‚etmagnum
627 1607 1067 1682 percurruntmurmuracoelum?

270 1689 340 1744 Non
355 1687 466 1763 populi,
483 1687 627 1763 gentesque
640 1687 788 1743 tremunt?
808 1688 938 1763 regesque
947 1687 1058 1766 superbi

271 1767 448 1842 Conripiunt
461 1768 559 1823 divum
574 1767 689 1842 perculsi
702 1768 827 1824 membra
841 1769 954 1833 timore,

271 1850 315 1904 Ne
329 1846 405 1923 quod
418 1850 453 1902 ob
467 1845 615 1906 admillum
629 1847 711 1914 foede,
726 1845 867 1904 dillumve
878 1847 997 1923 superbe

271 1930 422 1986 Poenarum
437 1949 519 2004 grave
531 1930 562 1985 fit
576 1927 700 1985 solvendi
708 1943 816 2003 tempus
829 1927 978 1986 adallum?

273 2013 387 2066 Summa
401 2011 482 2065 etiam
496 2029 560 2066 cum
571 2010 614 2065 vis
626 2010 744 2066 violenti
758 2029 809 2084 per
821 2029 895 2064 mare
909 2011 987 2067 venti

275 2091 505 2164 induperatorem
517 2089 602 2164 tlaflis
616 2090 696 2164 super
709 2109 818 2164 equora
832 2090 929 2155 verrit,

274 2173 351 2227 Cum
365 2170 582 2246 validis‘pariter
594 2170 764 2245 legionibus,
779 2184 859 2244 atque
870 2168 1048 2246 elephantie3

274 2253 341 2309 Non
354 2250 453 2307 divum
469 2269 563 2325 pacem
577 2251 651 2307 votis
663 2249 744 2304 adit?
765 2270 795 2306 ac
810 2269 889 2324 prece
901 2251 997 2324 quaelit

272 2331 431 2386 Ventorum
447 2329 564 2404 pavidus
580 2349 672 2404 paces,
688 2329 846 2405 animasque
859 2329 1016 2386 secundas?

273 2410 483 2483 Nequicquam:
507 2411 642 2482 quoniam
657 2410 779 2466 violento
793 2409 988 2484 turbinefaepe

273 2491 435 2564 Conreptus
450 2487 540 2544 nihilo
555 2488 643 2544 fertur
656 2488 798 2546 minusad
812 2488 881 2545 vada
894 2488 983 2547 lethi:

275 2569 438 2644 Usquendeo
452 2589 493 2625 res
507 2568 642 2625 humanas
654 2570 696 2625 vis
708 2568 802 2626 abdita
815 2569 947 2643 quedem

281 2650 405 2716 obterit,
422 2663 448 2704 et
463 2648 592 2724 pulchros
606 2648 710 2714 fasceis,
726 2648 860 2723 laeanue
873 2649 990 2708 lecureis

279 2733 457 2795 Proculeium,
472 2750 501 2785 ac
516 2730 642 2786 ludibrio
655 2729 703 2784 fibi
717 2727 816 2786 babere
829 2725 953 2785 videturss

274 2812 402 2884 Denique
417 2810 465 2866 sub
483 2810 603 2883 pedibus
617 2811 698 2864 tellus
712 2829 777 2867 cum
792 2823 846 2865 tota
856 2809 980 2874 vacillat,

274 2887 474 2960 Concullaeque
487 2889 589 2944 cadunt
600 2889 692 2953 urbes,
703 2888 849 2962 dubieque
860 2889 1005 2949 minantur
1016 2909 1028 2946 t

247 2984 256 2997 ⁸
275 2971 358 3045 Quid
373 2968 504 3023 mirumli
520 2967 544 3022 l'e
559 2984 687 3023 temnunt
700 2969 828 3024 mortalia
841 2968 939 3025 saecla?

276 3054 372 3122 Atque
386 3046 527 3122 potestates
540 3067 662 3122 magnas
675 3048 811 3122 mirasque
826 3049 993 3123 relinquunt

277 3133 311 3185 ln
327 3127 447 3182 rebus
421 3127 503 3184 vireis
516 3129 626 3194 divum,
642 3147 702 3202 quae
715 3127 812 3185 cunila
826 3129 1002 3203 gubernent?

319 3207 407 3281 Quod
421 3207 551 3282 superest,
564 3228 608 3275 aee,
630 3224 711 3284 atque
719 3228 829 3276 aurum,
845 3205 1007 3286 ferrumque
1021 3230 1061 3268 re·

398 3283 524 3364 pertuli,

261 3369 313 3439 ‚Et
328 3367 408 3426 lmul
421 3372 529 3446 argenti
542 3369 666 3446 pondus,
681 3370 849 3448 plumbique
862 3370 997 3492 potelles:

932 3451 1058 3528 Ignis
