2359 3875
258 388 339 512 208¹
434 433 900 508 [nuenarii

253 571 385 647 Vitigeni
400 571 491 628 latices
505 571 535 626 in
548 571 631 646 aquai
646 569 771 628 sontibus
783 569 887 626 audent

253 652 380 716 Misceri,
397 672 460 707 cum
473 652 523 726 pix
539 666 655 728 nequeat
669 651 769 728 gravis,
780 666 807 705 et
817 652 875 706 leve
889 650 1015 706 olivum:

255 731 469 807 Purpureusque
483 733 556 787 colos
566 729 697 806 conchyli
711 733 849 806 mergitur
862 751 917 785 una

233 873 240 885 ,
257 813 385 886 Corpore
398 831 462 866 curn
475 814 556 875 lane,
572 811 669 866 dirimi
682 813 733 885 qui
747 830 804 866 non
818 825 898 883 queat
912 810 1046 885 usquam:

256 892 324 946 Nou
341 891 357 945 sr
373 893 501 966 Neptuni
517 891 602 947 slncln
617 911 749 947 renovare
762 911 875 965 operam
890 890 954 946 dee:

255 972 336 1036 Nou,
353 992 426 1026 mare
436 971 452 1025 si
470 987 558 1026 toturn
572 972 641 1026 velit
655 973 747 1026 eluere
761 971 892 1026 omnibus
906 970 1006 1028 undis.

256 1051 385 1124 Denique
401 1070 441 1107 res
452 1071 521 1106 auro
535 1065 681 1126 argentum
695 1052 864 1125 concopulat
878 1072 944 1116 una,

256 1132 367 1205 AEriquc
377 1153 410 1188 aes
424 1133 541 1206 plumbo
555 1135 586 1187 lit
600 1131 640 1186 uti
650 1133 785 1205 jungatur
798 1133 831 1185 ab
845 1132 921 1185 albu.

253 1213 359 1268 Caetcrn
367 1213 427 1289 jam
441 1232 525 1286 quum
539 1212 625 1266 multa
637 1211 698 1266 licet
711 1210 852 1285 reperire?
863 1211 932 1284 quid
945 1213 1039 1288 ergo?

252 1293 313 1347 Nec
329 1294 379 1347 tibi
395 1309 451 1348 tam
466 1292 555 1366 longis
568 1311 639 1365 opus
651 1289 688 1345 ess
702 1292 865 1365 ambagibus
879 1290 1006 1365 usquam,

256 1373 315 1428 Nec
324 1393 366 1428 me
375 1389 429 1428 tam
441 1371 557 1427 multam
568 1370 614 1426 hic
625 1390 737 1446 operam
750 1371 907 1427 consumere
924 1392 974 1446 par
986 1373 1021 1430 cll
1033 1395 1041 1430 ε

255 1452 308 1509 Sed
321 1453 442 1508 breviter
456 1452 550 1526 paucis
562 1451 641 1506 rellat
654 1451 852 1526 comprendere
866 1453 966 1508 multa.

300 1535 432 1607 Quorum
446 1535 483 1586 ita
499 1549 612 1586 texturae
624 1531 784 1587 ceciderunt
796 1546 894 1587 mutua
909 1549 1020 1600 contra,

255 1613 297 1670 Ut
310 1633 375 1668 cava
390 1611 558 1667 conveniant
574 1613 662 1685 plenis
676 1609 731 1666 liaec
745 1611 833 1677 illius,
850 1611 900 1667 illa

197 1739 200 1744 .
255 1693 417 1767 Hujul'que3
434 1693 506 1747 inter
516 1691 539 1744 l'e
547 1691 679 1768 jurislura
690 1691 791 1747 horum
803 1691 910 1767 optima
922 1692 1040 1752 conllat.

255 1772 300 1828 13st
315 1773 407 1837 ctiam,
422 1771 496 1847 quasi
512 1787 541 1826 ut
555 1772 682 1838 anucllis,
699 1770 842 1845 hamisque
856 1773 958 1846 plicata

257 1854 336 1908 Inter
350 1853 375 1906 l'e
388 1851 512 1928 quedam
528 1853 628 1926 possint
640 1853 750 1927 coplata
766 1854 870 1909 teneri:

257 1933 345 2008 Quod
357 1933 443 2009 magis
457 1933 487 1987 in
497 1932 590 2009 lupide
601 1931 652 1988 lroc
667 1932 725 1989 sieri
740 1931 870 2010 ferroque
882 1931 1006 1990 videtur.

296 2017 392 2079 Nunc,
409 2015 477 2069 ratio
491 2032 551 2086 quee
566 2014 596 2068 sit
609 2014 724 2078 morbis,
740 2028 789 2069 aut
799 2014 874 2070 uude
885 2030 998 2087 repente

254 2094 431 2152 Mortiferam
444 2094 525 2169 possrt
538 2095 643 2149 cladem
657 2094 776 2150 conflare
790 2109 885 2151 coorta

256 2176 387 2232 Morbida
414 2176 456 2231 vis
478 2174 629 2230 hominum
652 2176 758 2249 generi,
783 2174 979 2251 pecudumque
996 2196 1041 2232 ea-

337 2271 430 2321 terius,

255 2336 423 2411 Expedianr.
468 2335 596 2390 Primum
612 2336 764 2392 multarum
778 2336 881 2392 semina
901 2354 997 2393 rerum

255 2416 316 2473 Esse
331 2416 412 2489 supra
422 2413 518 2477 docui,
533 2434 594 2486 quae
610 2416 660 2469 lint
674 2416 769 2471 vitalia
782 2418 878 2473 nobis:

255 2499 292 2552 Et
305 2510 412 2560 contra,
428 2515 487 2570 quae
503 2496 553 2549 lint
567 2495 677 2559 morbo,
694 2499 844 2572 mortique,
860 2493 996 2552 neccsse'sl

255 2578 347 2635 Multa
359 2577 466 2640 volare3
491 2595 521 2631 en
535 2596 599 2631 cum
612 2574 673 2631 casu
686 2575 746 2631 sunt
759 2576 826 2631 sorte
839 2592 944 2643 coortu,

255 2659 292 2713 Et
300 2658 499 2733 perturbarunt
508 2658 620 2720 coelum,
634 2656 664 2711 lit
679 2656 823 2712 morbidus
837 2677 893 2713 aer.

254 2742 350 2812 Atque
360 2738 721 2801 cavisomnisrnorbornm‚
730 2735 923 2813 pestilitasque,

254 2824 316 2873 Ant
326 2816 503 2879 extrinsecus,
515 2831 544 2870 ut
557 2817 645 2872 nubes
654 2817 818 2889 nebulaque
832 2818 948 2892 superne

254 2899 309 2954 Per
321 2900 422 2952 coelum
436 2896 565 2961 veniunt,
580 2911 627 2951 aut
637 2896 694 2971 ipsa
709 2896 776 2971 saepe
789 2914 883 2954 coorta

254 2976 298 3033 De
310 2991 381 3032 terra
394 2975 520 3051 surgunt,
537 2976 585 3030 ubi
601 2994 746 3050 putrorem
760 2976 877 3034 humida
890 2975 968 3036 nassa
981 2972 1026 3045 ll,

255 3055 464 3132 Intempellivis
478 3055 648 3132 pluviisque,
664 3071 690 3113 et
703 3056 804 3113 solibus
817 3058 883 3115 itta.

254 3138 357 3192 Nonne
367 3136 444 3193 vides
457 3138 539 3192 etiarn
554 3137 616 3191 coesi
630 3137 752 3193 novitate
767 3154 793 3192 et
807 3157 941 3213 aqnamm

252 3218 280 3273 T
281 3214 379 3281 enutri,
396 3220 495 3291 procul
509 3238 523 3271 a
532 3220 623 3292 patria
638 3218 796 3291 quicunque
809 3218 951 3297 domoque

252 3296 442 3353 Adveniunt?
464 3297 528 3353 idco
542 3298 609 3370 quia
622 3298 702 3372 longe
714 3298 850 3374 discrepat
859 3320 917 3357 aer.

241 3378 321 3437 Nam
336 3377 408 3458 quid
422 3377 597 3439 Britannum
609 3379 712 3436 coelum
722 3376 832 3439 dillerre
848 3396 993 3458 putamus,

1002 3464 1042 3517 Re
