2359 3875
268 425 470 496 arnas
514 421 815 525 quinino.
912 442 977 512 145

194 558 321 634 Denique
332 572 431 613 natura
441 556 498 613 haec
511 578 617 621 rerum,
634 558 758 646 ratioque
768 548 907 630 reperta'st

195 640 307 715 Nuper,
322 654 350 694 et
362 637 435 694 hanc
448 638 557 714 primus
569 656 634 692 cum
648 635 748 711 primis
761 635 819 710 ipse
833 648 957 709 repertus

195 720 278 777 Nunc
289 740 339 796 ego
353 719 441 780 sum(
434 738 465 773 ιιι
478 718 579 794 patrias
593 737 642 791 qur
635 715 753 791 'possim
764 730 868 771 vertere
882 733 973 770 voces.

237 799 326 891 ond
337 799 355 855 si
365 797 435 855 sorte
443 797 523 855 fuisse
536 797 651 853 antehac
660 796 754 852 eadem
764 795 859 852 omnia
867 794 973 859 credis;

196 880 245 935 Sed
260 878 371 957 periisse
384 877 538 936 hominum
552 892 667 933 torrenti
660 877 753 932 s'aecla
765 892 881 951 vapore,

194 960 256 1016 Aut
260 902 391 1017 cecidisse
404 960 496 1015 urbeis
509 976 613 1034 magno
622 958 768 1014 vexamine
781 957 895 1047 mundi,

195 1039 255 1096 Aut
268 1060 303 1095 erc
317 1040 456 1095 imbribus
467 1037 577 1095 assiduis
589 1036 673 1093 exisse
685 1037 806 1113 rapaceis

196 1120 249 1175 Per
263 1136 347 1175 terras
361 1121 477 1186 amneis,
496 1134 579 1196 atque
593 1117 698 1193 oppida
708 1114 893 1207 cooperuisse.

195 1200 288 1256 Tanto
301 1201 410 1275 quippe
423 1201 510 1276 magis
523 1199 612 1255 vissus
627 1199 726 1253 fateare
738 1191 848 1253 necesse'
851 1198 884 1261 si,

197 1280 323 1336 Exitium
338 1298 449 1357 quoque
463 1280 555 1345 terrai,
567 1280 684 1357 coelique
696 1278 836 1333 futurum.
879 1317 882 1323 .

196 1360 270 1417 Nam
280 1380 347 1415 cum
360 1380 402 1415 res
415 1362 497 1416 tantis
510 1360 616 1415 morbis
629 1358 764 1432 tantisque
775 1354 887 1431 periclis

196 1440 397 1505 Tentarentur3
422 1441 462 1496 ibi
478 1442 495 1503 si
509 1438 615 1496 tristior
627 1435 793 1495 incubuisset

128 1529 130 1533 “
198 1522 296 1589 Causa,
312 1522 410 1576 darent
422 1522 473 1577 late
485 1520 601 1584 cladem,
617 1519 782 1595 magnasque
791 1517 906 1575 ruinas:

198 1601 255 1657 Nec
266 1602 373 1658 ratione
382 1602 434 1657 alia
449 1602 576 1657 mortales
589 1598 641 1657 esse
653 1599 785 1657 videmur

200 1682 275 1738 lnter
285 1701 348 1747 nos,
364 1682 414 1737 nisi
427 1678 503 1759 quod
516 1681 626 1737 morbis
638 1680 807 1772 aegriscinurs
819 1679 915 1746 isdem,

198 1764 291 1839 Atque
303 1762 358 1828 illi,
374 1780 444 1837 quos
456 1783 472 1817 a
485 1762 543 1818 vita
555 1776 653 1818 natura
667 1761 799 1817 removit.

241 1845 384 1903 Praeterea
400 1862 571 1919 quaecunque
584 1856 698 1897 manent
712 1857 821 1907 aeterna,
834 1836 944 1897 necesse
948 1838 980 1908 st,

200 1923 259 1981 Aut
269 1923 339 1998 quia
355 1922 417 1978 sunt
430 1922 519 1980 solido
533 1943 595 1978 curn
610 1942 738 1998 corpore,
761 1921 884 1996 respuere
898 1920 978 1988 isius,
1050 1990 1057 1997 “

198 2005 254 2061 Nec
264 2019 406 2096 penetrare
417 2020 476 2080 patr
469 2004 705 2078 sibiquicquarn,
714 2002 788 2094 quod
803 2017 885 2074 queat
897 2001 984 2056 arslas
1018 2047 1021 2052 .
1080 2036 1086 2045 ·

200 2084 369 2140 Dissociare'
363 2099 438 2140 rntus
452 2086 563 2159 parteis,
581 2100 612 2138 ut
625 2083 750 2137 materiai

202 2167 329 2240 Corpora
342 2163 414 2229 sunt,
429 2184 551 2239 quorum
565 2181 691 2218 naturam
704 2161 872 2218 ostendimus
884 2174 965 2217 aute:

175 2266 179 2273 ’
200 2247 259 2300 Αιιῑ
272 2244 334 2300 ideo
347 2244 447 2300 durare
462 2260 565 2299 aetatem
582 2241 657 2319 polle
671 2262 719 2317 per
732 2260 857 2307 omnem,

121 2398 125 2402 .
200 2325 346 2400 Plagarum
359 2325 424 2399 quia
438 2326 501 2380 sunt
513 2325 650 2400 expertia,
663 2324 729 2378 srcrrt
744 2319 876 2390 Inane'st,

200 2403 978 2483 Quodmanetintasium,nequeabislusungiturhisum:

199 2486 259 2540 Aut
272 2488 366 2550 etiam,
382 2485 446 2558 quia
458 2487 537 2540 nulla
551 2487 602 2541 loci
614 2485 645 2538 srt
657 2486 739 2558 copia
749 2485 868 2552 circum,

200 2566 266 2642 Quo
283 2564 357 2638 quasi
371 2584 412 2620 res
421 2564 522 2641 possint
531 2565 679 2629 discedere,
693 2563 877 2639 dissolvique:

202 2646 279 2702 Sicut
293 2645 464 2701 summarum
479 2642 618 2700 summa'sl
633 2659 744 2709 aeterna,
759 2664 849 2718 neque
863 2659 941 2700 extra

201 2727 274 2802 Quis
285 2726 361 2780 locus
369 2724 416 2791 est,
432 2744 489 2800 quo
497 2724 643 2790 dissiliant
668 2742 757 2798 neque
780 2743 898 2800 corpora
908 2725 983 2792 sunt,

326 2825 386 2880 quae

199 2885 306 2943 Possint
315 2885 448 2952 incidere,
463 2900 489 2940 et
502 2884 595 2941 valida
608 2883 753 2942 dissolvere
765 2845 857 2963 plaga.

200 2967 239 3021 At
249 2985 349 3056 neque,
364 2967 408 3020 uti
422 2968 516 3033 docui,
533 2965 621 3022 solido
631 2986 695 3021 cum
707 2987 822 3044 corpore
836 2968 938 3025 mundi

128 3046 132 3053 '
200 3041 360 3111 Naturali,
376 3062 510 3120 quomam
523 3043 748 3102 admissumslrn
762 3048 842 3104 rebus
857 3050 960 3106 Inane

200 3129 258 3184 Nec
269 3126 402 3182 tamenesl
411 3128 552 3184 utlnarre
567 3147 658 3202 neque
668 3143 881 3205 autemcorpora
890 3130 1000 3195 desunt,

203 3209 246 3263 Ex
258 3207 371 3263 infinito
384 3216 444 3282 quae
455 3208 555 3284 possint
567 3207 638 3263 sorte
653 3223 747 3264 coorta

202 3289 339 3345 Proruere
351 3286 420 3343 haue
432 3309 525 3344 rerum
539 3289 659 3345 violento
670 3287 778 3344 turbine
791 3289 937 3356 summam,

204 3367 358 3452 Aureliam
371 3369 499 3444 quamvis
510 3370 615 3427 cladem
628 3368 783 3444 importare
794 3372 907 3446 pericli.
