2359 3875
299 422 503 493 LIBER
550 418 836 521 QUINTUS.
918 440 979 508 ¹7¹

197 551 273 626 Ignis
286 552 340 606 ubi
353 549 490 627 ingenteis
501 548 589 626 sylvas
602 549 702 605 ardore
714 560 848 605 cremarat

195 632 342 688 Montibus
355 630 387 687 iu
407 630 527 706 maguis,
544 629 590 686 seu
603 630 664 685 coeli
678 628 798 685 fulmine
811 621 908 690 missor

139 745 143 753 ·
194 712 256 767 Sive
265 711 344 787 quod
357 710 431 766 inter
445 709 470 765 se
484 710 589 766 bellum
603 708 730 785 sylvestre
743 721 877 784 gerentes,

196 791 328 847 Hostibus
343 792 497 847 intulerant
509 790 603 865 ignem
611 789 773 845 formidinis
783 807 848 863 ergo
859 809 867 851 ς

137 900 139 905 2
196 873 259 929 Sive
270 870 351 947 quod
364 869 473 927 indusii
487 885 564 925 tertre
575 870 709 936 bonitate,
720 870 850 926 volebant
947 924 950 930 ,

197 952 322 1008 Pandere
335 970 418 1027 agros
432 949 573 1025 pingueit,
582 965 609 1005 et
622 949 721 1025 pascua
734 948 847 1008 reddere
860 967 923 1003 rura
936 970 945 1013 ς

195 1032 256 1088 Sive
269 1030 339 1087 seras
351 1030 518 1095 interlicere,
533 1045 558 1085 et
567 1028 696 1085 ditescere
709 1029 818 1105 preda:

197 1113 270 1168 Nam
283 1110 374 1180 fovea,
391 1126 473 1185 atque
486 1109 545 1185 igni
559 1109 638 1185 prius
651 1108 686 1165 est
699 1108 824 1167 venarier
836 1125 942 1174 ortum,

199 1194 292 1268 Quam
309 1191 397 1267 sepire
405 1189 499 1266 plagia
513 1189 622 1254 saltum‚·
635 1188 801 1262 canibusque
814 1188 896 1245 ciere.

197 1272 345 1348 Quicquid
357 1270 388 1326 id
402 1269 450 1336 ess,
461 1288 645 1343 quacunquee
657 1269 885 1326 eausalIamtueuc
893 1264 980 1324 ardor

196 1352 338 1407 Horribili
353 1350 448 1408 sonitu
462 1350 549 1427 sylvas
563 1350 689 1407 exederat
702 1350 764 1404 altis

197 1432 244 1488 Ab
258 1430 410 1497 radicibus,
422 1445 449 1486 et
462 1444 562 1490 terram
577 1444 738 1503 mouerat
752 1427 824 1505 igni,

197 1512 331 1567 Manabat
343 1511 421 1567 venia
434 1509 604 1566 serventibus
617 1510 648 1565 in
661 1511 731 1570 loca,
742 1524 819 1564 terrae

197 1593 328 1648 Concava
341 1592 510 1647 conveniens
522 1590 630 1666 argenti
643 1589 719 1646 rivus
731 1603 757 1644 et
769 1588 843 1656 auri,

199 1672 269 1727 liris
282 1672 351 1727 item
363 1686 390 1725 et
404 1672 530 1746 plumbi3
555 1670 615 1744 quae
627 1689 692 1725 eum
705 1684 832 1726 concreta
844 1668 976 1729 videbant

199 1750 335 1807 Posterius
348 1752 423 1807 claro
435 1750 467 1810 iu
481 1751 560 1806 terris
574 1748 717 1826 splendere
726 1752 829 1816 colore,

197 1831 347 1888 Tollebant
359 1829 454 1887 nitido
466 1830 552 1905 eapti,
568 1831 686 1903 laevique
699 1830 810 1905 lepore:

200 1912 235 1967 Et
251 1910 329 1968 simili
344 1909 461 1968 formata
474 1910 607 1968 videbant
620 1908 671 1966 else
684 1909 784 1984 figura,

200 1995 296 2066 Atque
309 1993 474 2049 lacunarum
485 1989 594 2046 lucrant
604 1987 717 2064 vesligia
730 1993 846 2066 cuique:

197 2072 275 2131 Tum
283 2073 444 2147 penetrabat
456 2090 511 2136 eos,
526 2067 601 2146 polle
611 2067 668 2125 haec
678 2069 821 2142 liquesasla
833 2064 936 2137 calore,

201 2153 369 2227 Quamlibet
379 2151 411 2208 in
423 2148 550 2216 sormam,
562 2164 589 2205 et
603 2148 701 2206 faciem
714 2149 855 2207 decurrere
868 2171 972 2218 rerum,
985 2163 992 2173 '

200 2233 236 2285 Et
249 2231 378 2307 prorsum
392 2231 519 2304 quamvis
533 2231 562 2287 iu
576 2244 654 2286 acuta
666 2249 696 2284 ac
710 2230 803 2286 tenuia
815 2229 891 2307 posse

200 2311 372 2368 Mucronum
383 2311 450 2366 duci
464 2309 567 2386 salligia
581 2308 781 2386 procudend03

203 2391 243 2447 Ut
257 2390 305 2447 libi
316 2392 369 2447 tela
382 2405 491 2466 parent,
506 2390 647 2466 sylvasque
659 2390 786 2448 excidere
793 2393 903 2469 polline,

201 2471 349 2526 Materiem
362 2473 470 2536 tavare,
484 2470 589 2535 dolare,
605 2490 635 2525 ac
648 2471 741 2527 radere
755 2472 843 2548 tigna,

202 2551 237 2605 Et
248 2551 383 2607 terebrare
397 2551 492 2615 etiam,
514 2570 544 2606 ac
556 2550 735 2625 pertundere,
750 2571 855 2627 perque
868 2552 971 2611 forare.

200 2631 259 2684 Nec
272 2630 365 2687 ririnus
377 2645 491 2705 argento
504 2630 589 2687 lacere
600 2628 656 2686 haec
669 2650 793 2706 auroque
805 2634 949 2707 parabant,

203 2704 299 2785 Quam
312 2709 397 2765 validi
410 2710 535 2785 primum
547 2710 678 2766 violentis
688 2709 794 2769 viribus
807 2710 886 2768 reris:

202 2790 410 2864 Nequicquam=
433 2790 565 2863 quoniam
575 2789 687 2846 cedebat
700 2784 769 2846 vida
783 2791 911 2866 poteslas,

203 2869 261 2925 Nec
276 2883 383 2944 poterat
394 2875 497 2944 pariter
509 2869 612 2927 durum
625 2866 737 2929 sulserre
749 2870 884 2930 laborem.

202 2949 277 3004 Nam
291 2947 344 3004 suit
358 2949 388 3009 in
402 2949 493 3024 pretio
504 2950 591 3025 magis
605 2969 649 3015 aes,
665 2971 818 3027 aurumque
825 2954 933 3030 jacebat

204 3029 323 3104 Propter
337 3029 518 3085 inutilitatem
527 3027 618 3085 hebeti
631 3050 763 3086 mucrone
776 3033 910 3092 retusum:

204 3108 982 3183 Nuncjacetaes,auruminsummumsucceffithonorem.

204 3188 248 3244 Sic
258 3188 395 3244 volvenda
408 3204 469 3244 aetas
483 3204 634 3248 commutat
648 3204 774 3263 tempora
786 3212 894 3253 rerum:

206 3268 295 3342 Quod
308 3265 360 3324 suit
370 3268 400 3324 in
414 3271 516 3344 pretio,
533 3269 563 3326 lit
576 3270 656 3326 nullo
669 3267 790 3343 denique
802 3271 922 3333 honoret

206 3347 295 3408 Porro
307 3348 383 3409 aliud
394 3347 526 3420 succedit,
540 3363 565 3408 ct
575 3369 590 3406 c
599 3348 781 3439 contemtibkua
794 3355 874 3433 exit„

899 3434 988 3511 Inque
