2359 3875
85 176 392 278 wasme?
414 189 438 204 .,,

147 275 151 280 ,
426 265 433 276 .

322 402 830 520 irruiturum.
899 465 964 539 ¹97

186 577 228 634 Eu
241 593 350 647 natura,
363 578 419 637 sere
430 580 538 638 filicum
553 578 665 637 suffulta
677 579 815 637 cavernis:

188 658 330 717 Omnibus
341 659 378 715 esi
392 680 478 737 porro
492 662 522 717 in
536 661 673 737 speluncis
686 676 785 716 ventur
797 674 824 715 et
835 676 891 714 aer.

185 738 295 795 Ventus
305 738 380 796 enim
390 741 433 805 fit,
447 742 497 798 ubi
508 740 543 797 esi
550 741 680 818 agitando
694 743 816 817 percitus
825 758 882 796 acr.

185 818 241 875 Hic
255 820 304 875 ubi
318 821 464 895 percaluit,
479 822 657 895 caiesacitque
669 822 763 877 omnin
775 821 882 878 circum

183 897 369 965 sarcasmus,
384 919 438 974 qua
451 901 603 977 contingit,
619 915 783 974 terramque,
799 915 825 956 et
837 900 872 957 ab
881 896 944 955 ollis

186 978 310 1035 Excussit
323 979 445 1036 calidum
458 982 576 1038 flammis
589 981 728 1039 velocibus
740 982 850 1057 iguem:

156 1088 161 1092 ·
184 1059 274 1116 Tollit
286 1058 323 1126 se,
339 1077 370 1115 ac
384 1059 461 1117 rectis
473 1061 513 1118 ita
525 1060 652 1118 saucibus
666 1062 740 1138 ejicit
753 1064 817 1127 aste,

185 1139 347 1214 Funditque
360 1138 488 1196 ardorem
501 1142 596 1217 longe,
611 1143 747 1218 longeque
756 1141 882 1198 favillam

184 1218 296 1286 Differt‚
311 1234 338 1275 et
350 1219 433 1284 cressa
443 1221 533 1278 volvit
541 1221 659 1296 caligine
671 1220 798 1294 sumumf:

184 1299 375 1374 Extruditque
385 1300 465 1356 simul
475 1301 605 1358 mirando
619 1302 741 1375 pondere
752 1301 829 1358 saxar:

182 1379 358 1447 Nedubites‚
372 1379 444 1455 quin
457 1380 514 1437 hec
524 1381 625 1437 animai
641 1380 752 1437 turbida
766 1380 798 1435 iit
809 1380 865 1435 vis.

228 1460 372 1526 Praeterea,
383 1480 483 1535 magna
495 1481 530 1517 ex
544 1462 618 1537 parti
632 1480 705 1516 mare
718 1460 820 1517 montis
829 1458 865 1516 ad
874 1458 932 1535 ejus

185 1540 305 1596 Radices
317 1537 421 1615 frangit
433 1540 542 1608 fluctus,
558 1540 705 1617 aesiumquc
718 1541 849 1597 resorbet.

166 1621 227 1675 ‘Ex
240 1617 293 1675 hoc
307 1619 391 1695 usque
405 1620 476 1677 mari
485 1621 621 1697 speluuc'ae
634 1621 738 1677 montis
750 1620 786 1679 ad
798 1621 865 1678 altar

183 1699 359 1757 Perveuiunt
368 1700 461 1757 subter
472 1699 589 1758 fauceis:
613 1699 711 1759 hacire
724 1696 911 1769 fatendum'st

187 1784 210 1810 ⁸·
222 1780 258 1835 Et
271 1795 415 1855 penetrare
427 1781 496 1837 mari
511 1783 623 1857 penitus
637 1800 678 1837 res
692 1783 885 1858 cogitaperto‚

184 1862 282 1938 Atque
291 1859 384 1917 efflare
396 1858 478 1926 sores,
494 1861 612 1938 ideoque
625 1863 756 1919 extollere
767 1863 902 1929 flammae.

185 1942 310 2017 Saxaque
324 1940 479 2076 suipeiirue,
491 1958 518 1998 et
527 1963 615 1998 arente
628 1945 722 2000 tollere
735 1943 860 1999 nimbos.

187 2022 223 2078 ln
236 2021 345 2078 summo
372 2037 423 2080 unt
435 2023 577 2099 ventigeni
592 2025 725 2088 crateres,
742 2038 773 2077 ut
784 2022 835 2097 ipsi

184 2102 376 2168 Nominitaut,
392 2121 443 2158 nos
455 2120 523 2176 quas
535 2102 637 2159 fauceis
649 2099 878 2177 perhibemus,.et
890 2119 951 2157 ora.

229 2181 416 2259 Suntaliquot
429 2202 540 2257 quoque
560 2202 612 2250 res,
636 2201 754 2257 quarum
774 2199 858 2236 unam
876 2179 969 2238 dicere

311 2263 418 2321 causam

186 2343 253 2398 Non
267 2341 329 2398 satis
341 2342 389 2410 est,
404 2363 502 2398 verum
517 2344 633 2418 plureis,
647 2343 721 2400 unde
734 2364 789 2400 una
800 2356 891 2399 tamen
901 2340 943 2398 iit.

189 2424 302 2497 Corpus
316 2424 548 2480 utexaniurunrsr
562 2425 638 2500 quod
650 2427 747 2501 procul
763 2424 820 2499 ipse
824 2426 915 2501 jacere

187 2503 354 2578 Corrspicias
365 2501 500 2569 homiuis;
526 2504 557 2560 fit
571 2519 601 2560 ut
609 2506 719 2561 omneis
731 2504 823 2562 dicere
836 2503 930 2560 causas

189 2584 345 2639 Conveniat
358 2582 439 2651 lethi,
455 2583 563 2641 dicatur
576 2599 609 2641 ut
621 2585 697 2642 illius
711 2606 777 2641 uua.

187 2664 261 2718 Nam
275 2684 364 2738 neque
374 2683 438 2720 cum
452 2663 536 2728 ferro,
553 2685 643 2739 neque
657 2664 758 2739 frigore
768 2665 879 2720 vincere
886 2660 967 2738 poffit

189 2741 337 2809 Interiisse‚
352 2763 442 2819 neque
456 2747 591 2811 amorbm
604 2739 693 2818 neque
704 2743 773 2802 sorte
787 2760 907 2799 veneno:

188 2822 296 2879 Verum
307 2823 413 2897 aliquid
421 2844 518 2899 genere
528 2824 619 2881 essecx
629 2816 694 2890 hod,
705 2821 978 2899 quodconciodicat‚

189 2903 313 2959 Scimus:
337 2903 403 2958 item
418 2904 448 2958 in
459 2903 552 2959 multis
566 2902 618 2960 hoc
630 2905 709 2966 rciirrs
718 2906 808 2961 dicere
821 2903 964 2960 habemus.

232 2983 317 3038 Nilus
331 2984 361 3038 in
373 2982 454 3038 reflari
463 2983 567 3050 crescit,
580 2985 740 3061 campisque
750 2984 888 3042 redundat

170 3072 174 3081 '
188 3062 298 3119 Unicus
309 3063 339 3119 iu
356 3064 434 3118 terris
445 3064 560 3139 AEgypti
581 3067 666 3120 totius
676 3065 778 3121 amuis.

187 3143 216 3197 Is
229 3142 299 3219 rigat
314 3144 464 3220 AEgyptum
476 3145 601 3201 medium
611 3165 661 3219 per
675 3145 744 3219 saepe
754 3145 885 3215 calorem,

187 3226 250 3280 Aut
263 3221 329 3298 quia
343 3224 405 3278 sunt
419 3223 504 3279 aessate
517 3224 674 3302 Aquiloues
687 3224 754 3280 osiia
766 3239 862 3282 contra

189 3303 269 3360 Anni
281 3317 404 3379 tempure
418 3322 462 3367 eo,
476 3321 533 3377 quo
548 3303 887 3372 Etesraflabraseruntu13

189 3385 225 3440 Et
237 3398 331 3441 contra
347 3381 467 3443 fluvium
481 3384 576 3442 slantes
588 3399 773 3450 remorantur,
787 3400 814 3441 et
824 3387 912 3445 undas

830 3465 974 3544 (rogentur
