2359 3875
266 453 333 500 tro
448 427 490 499 T.
529 429 914 504 LUCRETII

261 555 338 614 Aera
351 559 511 635 permensus
523 563 656 628 multum,
671 559 834 637 camposque
848 558 994 626 natauteis,

261 637 397 696 Incubuit
410 639 522 696 taudem
536 642 642 717 populo
660 639 828 698 Pandionis:
855 660 950 698 omnes

262 718 334 774 Inde
347 721 507 776 catervatim
520 724 621 779 morbo
636 723 773 796 mortique
785 721 934 778 dabantur.

306 801 468 876 Principio,
484 820 567 878 caput
577 803 719 859 incensum
733 802 839 860 fervore
854 801 997 876 gerebant,

262 879 299 934 Et
312 881 450 956 dupliceis
464 885 560 940 oculos
573 882 672 938 lull'usa
686 884 746 939 luce
761 881 912 938 rubenteis.

261 961 402 1016 Sudabant
415 963 499 1020 etiarn
512 963 601 1018 fauces
615 963 779 1019 intrinsecus
792 978 853 1019 atro

262 1041 413 1118 Sanguine,
425 1059 451 1099 et
464 1045 604 1101 ulceribus
618 1044 694 1100 vocis
707 1045 752 1100 viu
765 1045 840 1118 septa
853 1043 961 1106 coibat3

261 1120 359 1196 Atque
372 1123 461 1180 animi
471 1125 610 1200 interprts
623 1127 750 1180 manabat
766 1126 860 1198 lingua
875 1137 985 1188 cruore,

261 1199 412 1259 Debilitata
424 1207 515 1271 malis,
529 1219 606 1260 motu
622 1205 724 1279 gravis,
741 1205 833 1280 aspera
848 1202 932 1258 tailu:

261 1281 345 1349 lude,
362 1285 411 1339 ubi
422 1305 472 1360 per
483 1285 584 1340 lariceis
600 1283 691 1360 pectus
702 1285 864 1359 complerat,
880 1295 905 1337 et
916 1281 1009 1356 ipsum

259 1362 392 1421 Morbida
402 1366 486 1421 visin
498 1385 548 1421 cor
559 1365 684 1420 moellum
699 1365 871 1421 confluxerat
886 1363 982 1438 regnu

262 1441 370 1500 Omnia
380 1461 440 1500 tum
453 1464 519 1501 vero
532 1446 599 1502 vitai
614 1445 727 1501 elaullra
742 1445 880 1500 lababant.

260 1523 384 1598 Spiritus
393 1547 441 1581 ore
453 1526 523 1582 foras
536 1542 637 1582 tetrum
652 1527 780 1582 volvebat
789 1525 913 1588 odorem,

261 1605 389 1661 Rancida
401 1626 458 1680 quo
473 1608 598 1681 perolent
611 1605 730 1682 projecia
742 1606 873 1662 cadavera
886 1605 956 1659 ritu.

259 1683 356 1760 Atque
366 1687 453 1740 animi
468 1686 596 1761 prorsum
613 1689 684 1742 vires
699 1686 793 1752 totius,
809 1701 833 1740 ct
844 1704 927 1740 omne

260 1763 546 1840 Languebatcorpus,
559 1765 692 1841 lethijmn
703 1768 801 1822 limine
815 1767 845 1821 in
860 1764 907 1839 ipl
926 1805 933 1819 .

260 1843 543 1920 Intolerabilibulque
556 1847 637 1901 malis
650 1862 706 1902 crat
720 1847 818 1902 anxius
831 1864 941 1918 unguor

258 1921 373 1980 Alliclue
389 1946 490 1991 comes,
507 1943 532 1981 et
546 1927 651 2001 gemitu
666 1927 808 1982 connnilla
819 1926 941 2001 querela,

257 2004 455 2081 Singultulque
468 2006 598 2081 frequens
612 2006 718 2063 nollem
734 2006 863 2082 persaepe,
878 2005 1018 2081 diemque,

258 2086 415 2161 Conripere
427 2086 528 2142 affidue
541 2106 640 2142 nervos
653 2103 679 2142 et
694 2089 818 2143 membra
831 2084 966 2153 coallaus,

256 2164 428 2222 Dillolvebat
441 2188 496 2233 eos,
512 2166 627 2223 defellos
641 2184 713 2234 ante,
730 2167 859 2243 fatigans.

257 2247 316 2301 Nec
329 2247 421 2302 nimio
435 2248 566 2322 cuiquam
577 2245 666 2322 polles
679 2248 775 2304 ardore
786 2249 856 2303 tucri

257 2327 393 2401 Corporis
406 2327 436 2381 in
452 2328 560 2384 summo
571 2328 702 2385 summam
718 2327 856 2385 serviscere
869 2344 993 2404 partem:

256 2406 310 2462 Sed
324 2408 417 2481 potius
432 2409 560 2482 tepidum
574 2410 703 2465 manibus
720 2428 876 2484 proponere
890 2409 1008 2477 tullum,

257 2488 294 2542 Et
307 2486 386 2543 [imul
400 2490 538 2544 ulceribus
548 2490 621 2563 quali
636 2489 733 2545 inullis
746 2509 828 2545 omne
842 2492 940 2546 rubere

257 2568 381 2642 corpur,
393 2585 423 2623 ut
434 2570 469 2625 ell
478 2590 527 2644 per
538 2572 660 2625 membra
671 2570 742 2625 lacer
752 2590 816 2626 cum
827 2570 936 2627 diditur
946 2572 1033 2646 ignis.

257 2648 362 2703 Intima
376 2669 438 2723 pars
452 2648 563 2707 homini
577 2670 644 2705 vero
658 2650 789 2723 flagrabat
802 2650 836 2706 acl
850 2650 920 2707 olla:

258 2734 280 2757 “
296 2730 442 2804 Flagrabat
467 2730 607 2787 stomacho
622 2731 742 2798 llmuma,
760 2747 790 2786 ut
808 2731 978 2801 fornacibus,
994 2736 1040 2792 in-

339 2806 419 2865 tus.''

254 2890 308 2945 Nil
322 2890 390 2944 adeo
405 2889 491 2965 pollet
502 2890 634 2964 cuiquam
649 2893 718 2957 lere,
736 2908 870 2967 tenueque
885 2898 1020 2954 membris

254 2970 407 3026 Verterein
419 2971 580 3026 utilitatem:
595 2972 629 3027 ml
639 2990 752 3029 ventum
761 2988 787 3028 et
801 2973 907 3051 frigora
918 2975 1038 3054 semper,

255 3051 291 3104 In
306 3050 405 3105 fluvios
420 3051 524 3125 partim
538 3052 643 3126 gelielos
657 3054 783 3109 ardentia
797 3056 895 3110 morbo

253 3131 382 3198 Membra
391 3131 503 3196 dabant,
516 3132 626 3186 nudum
636 3134 766 3207 jacientes
776 3154 880 3209 corpus
894 3136 924 3192 in
938 3138 1036 3198 undas.

254 3210 340 3267 Multi
354 3212 508 3286 precipites
522 3210 648 3288 lymphis
663 3216 820 3288 putealibus
830 3219 883 3270 alte

255 3290 433 3357 lnciderunt,
449 3292 457 3345 i
462 3292 510 3366 plu
522 3293 662 3348 venientes
676 3313 722 3349 ore
736 3311 861 3369 patente.

244 3370 449 3431 Inledabiliter
467 3372 524 3430 fitis
534 3372 613 3430 arula
625 3392 742 3452 corpora
756 3376 874 3432 mersans

920 3459 1049 3533 hunbat
