2359 3875
275 405 481 475 ιιιιιι
512 399 777 482 uuruus.
892 425 933 490 31

156 535 189 590 Et
204 549 294 592 tamen
308 550 339 591 ut
352 536 441 610 plage
454 553 565 607 quoque
576 530 675 606 possint
689 530 834 622 suppetere
845 523 922 601 ipsu,

156 616 270 671 Infinita
283 634 354 690 opus
367 614 404 669 est
417 614 459 668 vit
472 614 597 687 undique
613 611 749 668 materiai.

193 695 292 751 Illud
286 716 316 751 ιιι
330 694 374 750 his
388 696 469 750 rebus
481 696 564 768 longe
577 691 642 767 suge
656 690 777 755 credere,
793 684 927 752 Memmi,

154 776 186 831 In
199 774 325 831 medium
339 774 452 829 sumrnae
467 772 554 846 [quod
566 771 673 843 dicunt)
689 770 783 826 omnia
795 767 862 834 uiti,
911 793 916 808 ι

150 859 245 930 Atque
258 854 322 909 ideo
338 852 438 909 mundi
452 869 581 910 naturam
596 851 662 907 {lare
676 851 729 906 siue
744 849 809 906 ullis

151 935 256 992 Idibus
268 936 403 999 externis,
419 953 509 1007 neque
518 951 660 1005 quoquam
673 930 747 1005 posse
761 926 861 997 resolvi

148 1016 262 1072 Summa
275 1015 431 1089 atquem,
443 1012 533 1088 quod
526 1033 556 1068 ιιι
567 1011 749 1066 mediumfint
757 1026 939 1075 οιιιιιιιιιιιιι,

152 1096 264 1172 (Ipsum
275 1094 293 1150 si
304 1093 456 1168 quicquam
470 1091 565 1168 posse
559 1113 589 1147 ιιι
603 1091 628 1146 se
641 1090 726 1146 sidere
740 1089 845 1146 credis:

149 1118 200 1233 Etp
199 1197 260 1251 quae
274 1174 403 1265 pondere
415 1172 479 1230 sunt
493 1172 540 1228 sub
552 1172 632 1228 terris
641 1172 738 1227 omnia
750 1168 859 1225 sursum'
899 1215 902 1224 .

149 1257 282 1321 Nitiers
274 1276 306 1310 ιιι
322 1269 446 1326 terraque
461 1268 534 1309 retro
548 1251 715 1326 requiescere
731 1247 820 1325 possa:

149 1338 192 1395 Ut
206 1356 257 1411 per
270 1353 355 1424 aquus
367 1354 427 1408 quae
437 1353 513 1396 nunc
526 1352 619 1389 rerum
630 1332 772 1388 simulacra
783 1326 924 1388 videmur
928 1331 938 1405 )

151 1419 189 1473 Et
203 1416 286 1472 1ιιιι111
301 1415 407 1472 ratione
421 1415 550 1470 animalia
563 1407 657 1468 subtu
672 1411 768 1486 vagari

150 1495 350 1560 contendunt,
365 1514 454 1568 neque
464 1492 539 1584 posse
552 1512 566 1548 e
579 1492 659 1549 terris
671 1492 702 1548 ιιι
715 1494 775 1548 loca
788 1492 849 1549 coeli

152 1577 291 1634 Recidere
305 1573 439 1632 inferiora
452 1573 548 1649 magis,
565 1593 650 1647 quam
664 1587 783 1647 corpora
797 1570 889 1631 nostra

145 1660 255 1733 Sponte
269 1656 318 1712 sua
332 1653 434 1730 poffint
446 1653 476 1711 in
491 1654 552 1710 coeli
568 1654 670 1729 templa
683 1654 793 1709 volare:

149 1739 275 1794 Issicum
288 1734 401 1792 videant
414 1734 508 1798 solem,
523 1754 574 1790 nos
588 1734 673 1790 sidera
683 1732 772 1792 nodis

147 1821 284 1880 Cernere,
300 1829 326 1870 et
338 1817 450 1872 alternis
463 1813 611 1871 nobiscum
626 1827 751 1889 tempora
764 1816 826 1874 coeli

148 1898 299 1961 Dividere,
315 1910 341 1951 et
355 1894 457 1953 nostris
471 1895 582 1971 peristis
596 1894 711 1985 agitare,
725 1894 847 1973 diesque.

194 1978 248 2037 Sed
264 1997 351 2035 vanus
365 1975 469 2033 stolidis
480 1975 536 2035 het
549 1976 644 2031 omnia
657 1976 770 2037 finxerit
782 1998 871 2045 error,

152 2057 293 2134 Amplexi
308 2058 384 2132 quod
397 2054 501 2117 hubent
515 2055 640 2131 perverse
654 2055 746 2148 prima
759 2057 828 2114 viai.

152 2142 229 2196 “sam
240 2137 369 2195 medium
381 2133 457 2193 mhil
469 2135 520 2193 esse
530 2134 628 2212 potest
639 2135 710 2191 ubi.
703 2156 795 2201 tuane.
811 2136 939 2212 locusque

154 2219 288 2276 Infinita:
308 2236 404 2292 neque
416 2217 543 2284 omniuo,
560 2216 598 2271 si
586 2235 646 2292 Jam
660 2215 785 2273 medium
798 2217 841 2283 fit,

154 2299 237 2356 Possit
250 2298 292 2354 ibi
306 2298 458 2374 quicquam
471 2296 521 2354 hac
535 2298 632 2372 potius
644 2295 785 2353 consistere
796 2298 884 2368 caefi,

158 2382 253 2457 Quam
266 2379 366 2454 quavis
378 2378 432 2434 alia
445 2379 527 2454 longe
540 2378 652 2454 regione
678 2398 800 2437 manere.

158 2457 942 2535 Omniseuimlocus‚aespatium‚quodinanevocamue,

155 2540 208 2596 Per
221 2540 359 2604 medium,
375 2557 426 2613 per
437 2559 496 2596 non
509 2539 637 2599 medium
649 2539 779 2595 concedat
791 2558 902 2616 oportet
920 2586 922 2591 .

157 2621 252 2694 AEquis
268 2618 451 2695 ponderibus,
465 2634 557 2677 motus
569 2639 736 2695 quacunque
749 2618 889 2676 seruntur.

157 2701 216 2755 Nee
228 2699 375 2774 quisquam
388 2699 463 2756 locus
474 2700 523 2765 est,
537 2720 594 2774 quo
607 2718 726 2774 corpora
738 2720 803 2756 cum
817 2719 926 2770 venere,

156 2779 292 2836 Ponderis
304 2776 396 2834 amissa
410 2781 439 2836 vi
449 2780 550 2856 possint
563 2780 630 2836 stare
642 2779 673 2834 in
687 2781 782 2837 inani:

156 2861 215 2917 Nec
225 2859 303 2935 quod
315 2859 397 2916 inane
410 2856 544 2927 autemst,
560 2861 618 2917 illis
631 2858 766 2917 subsistere
775 2861 866 2929 debet,

158 2941 250 3016 Quin,
267 2939 315 2996 sua
327 2940 403 3014 quod
415 2956 514 2998 natura
528 2942 610 3016 petit,
625 2942 773 2998 concedere
786 2958 894 3019 pergat.

156 3019 240 3077 Haud
254 3021 344 3095 igitur
356 3020 467 3095 possunt
482 3021 529 3077 tasi
542 3022 650 3077 ratione
665 3024 751 3077 teneri

157 3096 212 3156 Res
227 3102 256 3157 in
271 3099 403 3166 concilio,
419 3101 505 3156 medii
519 3102 678 3178 cuppedine
693 3101 782 3156 visiae.

157 3179 289 3236 Praeterea
302 3198 412 3254 quoque
420 3183 481 3257 jam
491 3202 548 3237 uon
558 3181 654 3238 omnia
667 3201 787 3257 corpora
801 3182 914 3259 fingunt

158 3260 194 3317 Iu
206 3260 334 3316 medium
347 3261 411 3327 niti,
428 3261 471 3316 sed
487 3277 631 3326 terrarum,
647 3275 729 3334 atque
742 3262 896 3336 liquorum,

157 3338 317 3400 Humorem
329 3341 422 3417 ponti,
432 3341 592 3418 magnisque
606 3341 772 3400 ementibus
785 3342 884 3412 undas,

908 3420 957 3478 ιι
