2359 3875
281 436 345 508 ¹4⁰
422 422 464 487 Ἰ.
507 413 901 508 LUCRETII

276 546 414 603 Gentibus
426 544 556 603 humanit
569 544 717 603 fundatum
730 561 866 622 perpetuo
879 560 950 609 aevo,

277 626 431 683 Sollicitare
440 625 494 682 fuir
502 626 595 683 ullum
609 626 642 682 de
652 626 761 683 sedibus
773 644 909 700 nuquam,

278 706 339 762 Nec
350 707 442 763 verbis
455 726 565 773 vexare,
581 721 607 761 et
617 708 651 762 ab
665 706 722 763 imo
732 722 852 764 evertere
862 704 1017 760 summam:

278 785 427 843 Caeterade
438 806 534 863 genere
546 784 600 842 hoc
610 786 760 863 adfingere,
771 787 800 843 et'
806 786 916 849 addere,
929 780 1059 847 Memmi,

277 862 452 942 Defipere'll.
479 866 561 943 Quid
570 866 646 922 enirn
656 867 863 922 immortalibus
876 878 958 938 atque
970 860 1056 917 beatis

278 944 377 1003 Gratia
387 944 478 1004 nollra
491 961 573 1021 queat
585 947 712 1023 largirier
729 943 922 1009 emolumenti,

279 1024 323 1083 Ut
335 1025 426 1083 nostra
439 1027 586 1102 quicquam
602 1026 679 1083 caula
693 1046 785 1102 gerere
793 1018 1015 1103 adgrediamur?

280 1105 397 1184 Quidve
409 1106 476 1163 novi
491 1107 586 1183 potuit
599 1120 676 1162 tanto
687 1106 748 1182 post
757 1121 819 1164 ante
828 1104 936 1183 quietos

280 1186 411 1254 Inlieere,
427 1202 460 1243 ut
473 1201 607 1262 cuperent
618 1186 705 1243 vitam
716 1202 824 1243 mutare
835 1179 982 1261 priorem?

280 1267 355 1324 Nam
368 1267 485 1343 gaudere
497 1266 578 1324 novis
591 1266 671 1322 rebus
680 1264 778 1323 debere
791 1265 912 1331 videtur,
949 1328 951 1332 Ι

281 1347 339 1404 eui
352 1363 454 1403 veteres
467 1346 582 1412 oblunt;
601 1344 657 1411 led,
671 1346 717 1401 cui
730 1346 772 1402 nil
785 1344 887 1404 eccidit
896 1342 962 1420 aegri

277 1427 420 1503 Tempore
431 1429 463 1483 in
475 1425 608 1491 anteaclo,
624 1446 688 1481 cum
699 1425 817 1502 pulchre
830 1425 941 1501 degeret
955 1443 1059 1491 aevnrn,

281 1506 365 1583 Quid
377 1507 472 1582 potuit
485 1506 616 1561 novitatis
630 1525 752 1563 amorem
766 1503 913 1562 accendere
926 1502 1000 1560 tali?

281 1586 343 1653 An,
357 1585 450 1651 credo,
463 1585 494 1640 in
507 1585 626 1643 tenebris
637 1586 705 1652 vita,
722 1606 753 1641 ac
763 1603 879 1642 moerore
885 1585 1006 1661 jacebat,

200 1659 205 1665 ’
281 1666 379 1722 Donec
391 1664 498 1721 diluxit
510 1684 604 1721 rerum
619 1665 743 1740 genitalis
755 1666 859 1743 origo?

283 1744 400 1820 Quidve
407 1744 473 1800 mali
487 1744 574 1799 fuerat
584 1745 664 1801 nobis
673 1765 730 1801 non
743 1744 794 1802 elle
806 1744 923 1802 creatis?

214 1888 215 1891 Ἴ
282 1827 372 1881 Natus
383 1824 458 1880 enirn
468 1824 558 1890 debet,
574 1820 776 1900 quicunque'st,
787 1828 857 1883 velle
866 1844 978 1882 manere

284 1906 321 1961 In
334 1903 402 1971 vita,
411 1904 500 1961 donec
509 1904 639 1962 retinebit
647 1905 748 1963 blanda
754 1908 897 1984 voluptas.

285 1984 347 2060 Qui
359 2005 505 2060 nunqnam
517 2004 583 2042 vero
596 1985 660 2042 vitae
673 1984 790 2062 gnstavit
801 2006 936 2054 amorem,

286 2066 346 2122 Nec
358 2064 412 2120 fuit
426 2067 456 2121 in
467 2084 596 2142 nurnero,
612 2065 683 2141 quid
695 2065 768 2122 obest
781 2085 838 2123 non
850 2065 904 2123 elle
915 2065 1061 2124 creatum?

331 2146 503 2220 Exemplum
516 2164 603 2220 porro
616 2145 768 2221 gignundis
781 2148 873 2214 rebus,
887 2162 915 2202 et
928 2148 987 2223 ipsa
1063 2177 1065 2181 >

286 2225 408 2282 Notities
419 2223 578 2290 hominum,
591 2224 668 2282 divis
681 2227 756 2282 unde
766 2227 844 2283 infita
857 2229 1006 2303 primum?

288 2304 372 2382 Qpid
384 2305 487 2359 vellent
499 2302 585 2359 facere
598 2303 746 2374 nescirent,
761 2306 908 2382 animoque
920 2306 1069 2365 viderent?

289 2387 393 2460 Quove
403 2378 521 2439 modo'll
535 2403 660 2460 unquam
670 2386 713 2441 vir
723 2387 833 2462 cognita
843 2387 1066 2464 principiorum,

288 2462 436 2539 Quidnam
450 2465 522 2518 inter
535 2461 583 2519 sele
597 2480 752 2540 permutato
764 2466 863 2525 ordine
877 2465 997 2543 pollent,

288 2545 318 2602 Si
331 2563 390 2601 nou
402 2541 462 2620 ipla
470 2540 548 2598 dedit
560 2543 697 2620 specimen
710 2561 809 2602 natura
820 2547 955 2605 creandi?

288 2625 420 2698 Namque
432 2623 471 2678 ita
483 2625 570 2680 multa
582 2625 673 2681 modis
687 2623 782 2681 multis
794 2627 952 2701 primordia
965 2645 1061 2684 rernm

289 2706 335 2762 Ex
345 2703 522 2780 infinitojam
537 2719 661 2780 tempore
672 2704 777 2780 percita
789 2706 889 2783 plagit,

287 2783 517 2857 Ponderibulque
530 2781 582 2839 luis
594 2784 762 2840 consuerunt
774 2787 882 2844 concita
894 2786 973 2854 ferri,

290 2860 525 2934 Omnimodilqne
538 2864 624 2930 coire,
636 2877 718 2938 atque
730 2865 824 2921 omnia
836 2881 1004 2942 pertentare,

290 2945 476 3020 Quaecunque
488 2941 561 2998 inter
571 2941 597 2997 se
609 2942 711 3022 polline
722 2944 862 3020 congrella
875 2948 978 3014 creare,
1000 3010 1003 3015 ,

290 3022 334 3079 Ut
343 3039 402 3080 non
415 3020 446 3074 {it
458 3019 562 3077 mirum
576 3021 595 3077 fi
608 3025 639 3078 in
653 3023 730 3080 taleis
742 3023 919 3100 dispolieuraa
969 3044 973 3049 ’

289 3099 462 3158 Deciderunt
473 3119 596 3176 quoqne,
610 3115 637 3157 ee
651 3103 681 3158 in
696 3105 772 3161 taleis
784 3123 882 3163 venere
894 3121 1010 3176 meatus,
1050 3119 1053 3124 '

290 3180 431 3257 Qualibus
438 3177 493 3236 haec
501 3200 595 3237 rerum
606 3181 716 3257 genitur
723 3204 801 3241 nunc
810 3184 915 3242 summa
924 3186 1066 3247 novando.

334 3260 423 3336 Quod
436 3259 453 3315 li
459 3261 518 3338 jam
527 3281 620 3319 rerum
629 3262 755 3337 ignorem
762 3263 919 3340 prirnordia
931 3286 992 3342 que
1006 3269 1067 3335 line,

289 3340 354 3402 Hoc
368 3355 459 3398 tamen
471 3360 505 3398 ex
519 3341 584 3418 iplis
596 3342 658 3399 coeli
672 3344 827 3417 rationibus
840 3345 925 3404 cufim

877 3425 1066 3494 confirmare,
