2359 3875
305 411 507 503 creua
543 428 833 529 quimus*
914 445 977 518 147

195 561 313 627 Scilicet,
330 574 363 616 ut
375 574 476 616 veteres
490 559 601 634 graium
611 558 732 614 cecinere
747 572 853 633 poetae:

195 640 281 718 Quod
295 642 394 716 procul
403 643 422 695 'a
435 651 499 696 v'era
512 636 540 694 'st
550 639 640 695 animi
654 639 760 695 ratione
773 635 929 713 repulsum.

195 722 270 798 Ignis
281 722 358 777 enim
371 720 497 795 superare
512 718 611 795 potest,
627 719 677 774 ubi
689 718 814 775 materiai

195 802 234 856 Ex
247 802 361 859 infinito
376 800 439 856 sunt
451 818 571 875 corpora
584 800 666 874 plura
680 815 788 862 coortu

197 880 265 937 Inde
280 880 383 938 cadunt
396 880 467 937 vires
475 880 567 954 aliqua
578 879 685 955 ratione
696 878 815 943 revisiae.

198 963 258 1018 Aut
270 975 391 1038 pereunt
404 980 445 1016 res
459 958 557 1017 exusta
571 960 741 1016 torrentibus
754 958 845 1015 auris.

195 1041 305 1099 Humor
318 1043 386 1097 item
399 1038 542 1115 quondam
552 1040 638 1115 coepir
649 1040 776 1115 superare
790 1052 913 1102 coortus,

197 1122 234 1178 Ut
246 1119 352 1179 sarna'st
362 1120 521 1186 hominum,
536 1121 635 1176 multas
643 1118 756 1195 quando
763 1119 860 1175 obruit
871 1117 973 1183 urbeia;

198 1201 264 1258 Inde
277 1202 370 1259 ubi'
343 1222 386 1259 vrs
396 1200 489 1275 al'iqua
502 1200 607 1256 ratione
618 1200 709 1258 aversa
721 1199 834 1263 recessit,

196 1281 235 1337 Ex
244 1282 359 1339 infinito
372 1281 462 1337 suerat
474 1300 645 1356 quaecunque
655 1295 760 1370 epona,

197 1361 385 1418 Constiteruot
397 1360 511 1427 imbres,
527 1374 553 1414 et
566 1360 722 1417 flumina
697 1380 755 1416 vrm
768 1357 941 1417 minuerunt.

236 1442 289 1499 Sed
302 1441 405 1516 quibus
416 1442 464 1497 ille
477 1439 569 1497 modis
581 1438 717 1516 coujedsus
731 1437 870 1496 materiai

198 1522 330 1583 Fundarit
341 1523 443 1579 coelum
452 1540 483 1576 ac
497 1536 610 1586 terram,
624 1521 761 1595 pontique
775 1517 926 1594 profunda,

199 1601 320 1678 Solisque
332 1617 359 1657 et
371 1603 444 1658 lunae
457 1600 562 1665 cursus,
576 1620 611 1656 ex
622 1599 722 1656 'ordine
736 1618 852 1675 ponam.

199 1682 269 1739 Nam
281 1696 353 1737 certe
362 1699 450 1754 neque
459 1679 570 1737 confilio
579 1680 736 1755 primordia
749 1698 843 1737 rerum

200 1760 306 1820 Ordine
319 1762 481 1836 sequarque,
497 1775 578 1833 atque
588 1758 675 1835 sagaci
688 1775 779 1816 mente
793 1760 937 1827 locarunt3

197 1841 251 1898 Nec
265 1862 338 1917 quor
347 1860 462 1915 quaeque
473 1840 570 1896 darent
583 1854 676 1895 motus
686 1840 818 1915 pepigere
830 1839 962 1916 profesto:

198 1922 245 1978 sed
260 1923 329 1998 quia
341 1922 428 1978 musta
441 1920 532 1977 modis
541 1920 638 1977 multis
651 1920 804 1994 primordia
815 1940 909 1978 rerum

198 2003 238 2058 Ex
247 2002 364 2059 infinito
374 2004 433 2077 jam
442 2001 680 2075 temporepercita
689 2000 789 2074 plagis,

198 2082 422 2154 Ponderibusque
431 2081 486 2136 suia
499 2079 666 2136 consuerunt
678 2079 786 2134 concita
799 2079 877 2146 ferri,
963 2131 965 2136 .

199 2160 432 2236 Omnimodisque
443 2159 527 2224 coire.
542 2174 624 2232 atque
636 2158 732 2214 omnia
743 2175 907 2232 pertentare,

200 2243 385 2317 Quacunque
394 2241 468 2299 inter
479 2240 505 2295 se
518 2237 625 2314 possent
638 2237 776 2313 congressa
784 2259 892 2306 creare;

199 2321 347 2398 Propterea
361 2320 402 2386 fit,
415 2320 457 2376 uti
471 2338 604 2395 magnum
616 2320 728 2394 volgata
741 2339 791 2394 per
804 2342 907 2388 avum,

200 2400 375 2476 Omnigenos
387 2413 470 2456 coctus
483 2414 510 2455 et
523 2413 615 2455 motus
625 2400 810 2474 experiundo,

198 2481 325 2538 Tandem
337 2501 368 2536 ea
380 2479 558 2544 conveniant,
573 2497 634 2552 quae
647 2493 678 2534 ut
690 2498 853 2549 convenere,
865 2496 979 2558 repente

199 2562 368 2638 Magnarum
382 2578 476 2615 rerum
490 2559 558 2615 siant
571 2557 688 2614 exordia
701 2559 779 2633 sepe,

199 2641 306 2707 Termi,
322 2639 417 2705 maris,
432 2654 458 2694 et
472 2639 545 2704 coeli,
561 2635 722 2713 generisque
733 2639 919 2696 animantum.
978 2655 981 2663 ’

241 2722 298 2776 Hic
311 2739 402 2794 neque
425 2733 485 2775 rum
499 2718 561 2775 solis
574 2731 635 2773 rota
648 2734 725 2770 cemr
717 2715 846 2773 lumine
858 2719 937 2795 largo

200 2781 365 2862 Astivolaur
368 2813 485 2875 poterat,
501 2816 591 2871 neque
601 2814 694 2870 magor
686 2794 792 2853 'fidera
803 2799 915 2864 muudi,

200 2883 358 2945 Neomare
364 2880 532 2947 necandum,
540 2896 589 2933 nec
598 2876 721 2951 demque
730 2891 811 2943 terra,
823 2896 976 2956 nequeam,

202 2963 258 3018 Nec
271 2960 367 3015 similis
381 2957 478 3016 nostris
489 2959 569 3014 rebus
579 2975 622 3011 res
635 2957 692 3013 ulla
705 2956 811 3024 videri;

201 3042 251 3098 Sed
264 3060 337 3096 nova
351 3037 492 3115 tempesias
503 3036 643 3112 quedam,
658 3036 798 3112 molesque
810 3055 915 3098 coorta.

201 3119 345 3197 Diffugere
358 3119 424 3176 inde
438 3119 493 3175 loci
508 3131 597 3194 partes
608 3133 724 3191 corpere,
740 3119 873 3195 paresque

203 3203 279 3257 Cum
289 3200 419 3276 paribus
408 3218 490 3276 Jungr
504 3219 557 3263 res,
570 3212 596 3252 et
607 3195 761 3251 discludere
772 3200 926 3267 mundum

202 3281 383 3354 Membraque
396 3279 531 3346 dividere,
547 3292 573 3334 et
585 3295 699 3352 magnas
711 3275 857 3353 disponere
870 3281 972 3357 parteis

205 3361 375 3438 Omnigeuir
388 3379 402 3416 e
416 3354 731 3457 principiisdiscordia
743 3377 885 3434 quorum

668 3461 670 3463 ¹
824 3437 990 3506 interresse„
