2359 3875
201 453 264 521 192
357 411 823 501 rruenurr'r

197 557 336 615 Conferte
350 560 437 616 nubes
450 560 479 615 vi
493 559 570 617 venti
583 560 694 616 mittere
707 573 812 618 certant

197 637 375 716 Dupliciter:
399 659 464 696 nam
474 641 517 697 via
530 641 607 698 venri
618 639 773 704 contrudit,
787 637 886 715 etipsa

197 719 288 795 Copia
298 720 473 787 nimborum,
490 721 569 778 turba
583 721 686 797 majore
699 736 804 786 coorta,

198 801 299 875 Urget,
315 815 342 855 et
355 800 476 876 esupero
486 801 601 877 premit,
612 821 643 857 ac
653 799 718 857 facit
727 798 837 857 effluere
851 795 982 853 imbreis.

241 880 385 947 Praeterea,
400 900 464 938 eum
474 882 616 939 rarescunt
625 899 738 957 quoque
750 878 850 937 nubila
861 875 965 941 ventis,

198 959 261 1016 Aut
273 959 462 1019 dissolvuntur
472 961 536 1019 solie
549 962 632 1038 super
643 960 697 1018 ieta
710 961 816 1028 calore3

198 1040 318 1096 Mittunt
331 1037 480 1098 humorem
495 1042 637 1119 pluvium,
650 1040 818 1117 finiantque,
831 1038 908 1117 quafi
921 1035 983 1113 igni

201 1120 272 1177 Cera
285 1120 367 1196 super
380 1121 469 1178 calido
481 1121 617 1180 tabescent
625 1123 711 1179 multa
725 1121 868 1197 liquescat.

243 1200 297 1258 Sed
308 1198 454 1259 vehemens
463 1202 600 1269 imberfit,
615 1203 666 1258 ubi
677 1201 854 1258 vehementer
863 1213 984 1275 utroque

203 1281 311 1338 Nubila
324 1283 352 1337 vi
366 1285 504 1339 cumulata
520 1299 699 1358 premuntur,
710 1297 737 1339 et
747 1283 852 1359 impete
864 1282 952 1337 venti.

244 1363 285 1419 At
298 1363 413 1418 retinere
424 1363 475 1419 diu
490 1363 608 1439 pluviae,
623 1365 794 1440 longumque
804 1359 911 1417 morari

202 1443 391 1508 Consuerunt,
406 1444 455 1499 ubi
468 1446 556 1499 multa
571 1443 685 1500 suerunt
698 1442 803 1499 femina
815 1459 968 1517 aquarum5

202 1525 299 1597 Atque
312 1524 373 1578 aliis
386 1523 445 1579 alie
457 1525 556 1589 nubea,
571 1523 718 1601 nimbique
726 1523 848 1598 rigantes

203 1604 332 1679 Insuper,
347 1617 428 1677 atque
442 1604 522 1660 omni
536 1604 621 1680 volgo
634 1604 668 1660 de
682 1617 759 1681 parte
772 1601 919 1668 feruntur3

202 1683 230 1740 Τ
231 1703 345 1756 erraque
358 1702 421 1737 cum
435 1682 545 1739 fumans
554 1682 702 1741 humorem
716 1697 773 1740 tota
785 1680 899 1739 rebant.

245 1763 322 1818 Hinc
339 1762 387 1819 ubi
402 1763 440 1819 sol
454 1765 539 1821 radiis
553 1763 740 1839 tempestatem
754 1764 828 1819 iuter
840 1780 957 1837 opacam

108 1857 111 1861 '
203 1842 326 1899 Adversa
339 1842 412 1900 fulfit
425 1843 586 1900 nimborum
599 1844 742 1920 aspergine
754 1858 866 1901 contrat

201 1923 278 1981 Turn
291 1925 369 1982 color
381 1924 411 1980 in
425 1924 513 2001 nigris
526 1923 618 1982 existit
629 1926 753 1983 nubibus
765 1923 860 2001 arqui.

246 2007 361 2073 Caetera,
376 2026 438 2080 quae
459 2006 563 2063 sursum
585 2004 721 2076 crescunt,
747 2005 911 2079 sursumque
923 2022 982 2062 ere·

328 2100 422 2152 antur,

203 2168 240 2222 Et
252 2185 311 2241 quae
325 2167 503 2225 concrescunt
515 2167 545 2223 in
559 2167 683 2225 nubibus
697 2165 802 2231 omnia,
817 2165 945 2242 prorsum
960 2194 962 2198 ·

206 2246 323 2312 Omnia,
339 2248 402 2313 nix,
418 2247 505 2312 venti,
522 2247 640 2322 grando,
655 2246 809 2323 gelidaque
820 2246 941 2323 pruina,

204 2327 242 2382 Et
255 2325 297 2384 via
310 2345 410 2402 magna
421 2328 489 2401 geli,
504 2346 638 2404 magnum
650 2327 786 2384 duramen
798 2346 946 2401 aquarum,

205 2407 242 2463 Et
255 2424 343 2472 mora,
358 2426 418 2480 quae
432 2407 535 2463 fluvios
545 2406 642 2483 paffim
655 2406 781 2464 refrenat
792 2406 920 2464 eunteir:
943 2416 946 2422 '

204 2482 355 2544 Perfacil'st
370 2502 460 2542 tamen
475 2484 531 2544 haec
546 2488 676 2564 reperire,
691 2488 842 2563 animoque
854 2485 963 2556 videre,

206 2565 314 2624 Omnia
327 2586 384 2641 quo
398 2567 478 2643 patto
491 2568 569 2636 fiant,
585 2587 704 2643 quareve
713 2582 854 2636 creentur,

204 2649 279 2704 Cum
294 2649 363 2704 bene
376 2648 513 2723 cognoris,
529 2650 671 2704 elementis
682 2647 788 2704 reddita
801 2667 863 2722 quae
877 2646 942 2705 fint.

246 2729 330 2786 Nune
343 2747 404 2803 age,
421 2748 481 2803 quae
496 2729 565 2784 ratio
581 2729 661 2785 terrai
677 2729 801 2785 motibus
813 2742 898 2795 extet,

203 2808 331 2883 Pereipe:
356 2825 382 2863 et
395 2808 424 2864 in
437 2810 537 2883 primis
551 2824 650 2865 terram
661 2807 703 2864 fac
713 2823 744 2864 ut
757 2807 808 2864 effe
822 2807 906 2864 rearis

204 2889 305 2944 Subter
318 2888 394 2953 item,
419 2903 451 2942 ut
474 2884 622 2963 supera'st3
649 2887 747 2955 ventis,
767 2903 849 2964 atque
863 2886 987 2962 undique

329 2968 441 3042 plenam

203 3047 357 3123 Speluncis,
372 3047 525 3120 multosque
540 3047 614 3105 lacus
628 3047 782 3125 multasque
795 3049 907 3105 lacunas

204 3127 240 3182 In
254 3128 360 3201 gremio
374 3146 478 3202 gerere,
495 3143 521 3182 et
533 3130 641 3203 rupeis,
653 3126 826 3204 deruptaque
838 3129 919 3185 saxa:

202 3206 350 3281 Multaque
364 3207 412 3263 sub
428 3223 503 3283 tergo
519 3209 598 3264 terrai
612 3208 728 3277 flumina
742 3204 809 3264 tefta

203 3286 327 3342 Volvere
340 3287 369 3342 vi
384 3286 492 3351 ssuttus,
507 3287 699 3362 submersaque
712 3289 773 3346 saxa
784 3285 984 3364 putandum'sst

202 3364 339 3446 Undique
351 3367 430 3426 eninr
442 3367 557 3426 ssmileru
568 3365 620 3425 effe
634 3367 689 3436 sui,
700 3386 742 3426 res
756 3367 875 3446 postulat
886 3367 978 3504 ipsqiz

974 3468 989 3502 ἱ
