<?xml version="1.0" encoding="UTF-8"?>
<!DOCTYPE html PUBLIC "-//W3C//DTD XHTML 1.0 Transitional//EN"
    "http://www.w3.org/TR/xhtml1/DTD/xhtml1-transitional.dtd">
<html xmlns="http://www.w3.org/1999/xhtml" xml:lang="en" lang="en">
 <head>
  <title>
</title>
<meta http-equiv="Content-Type" content="text/html;charset=utf-8" />
  <meta name='ocr-system' content='tesseract 3.04.00' />
  <meta name='ocr-capabilities' content='ocr_page ocr_carea ocr_par ocr_line ocrx_word'/>
</head>
<body>
  <div class='ocr_page' id='page_1' title='image "./titilucretiicar03carugoog_0133.png"; bbox 0 0 2359 3875; ppageno 0'>
   <div class='ocr_carea' id='block_1_1' title="bbox 281 402 982 515">
    <p class='ocr_par' dir='ltr' id='par_1_1' title="bbox 281 402 982 515">
     <span class='ocr_line' id='line_1_1' title="bbox 281 402 982 515; baseline -0.001 -32"><span class='ocrx_word' id='word_1_1' title='bbox 281 402 512 485; x_wconf 64' lang='lat' dir='ltr'>&#39;ernon</span> <span class='ocrx_word' id='word_1_2' title='bbox 547 408 836 515; x_wconf 54' lang='lat' dir='ltr'>(retunsus.</span> <span class='ocrx_word' id='word_1_3' title='bbox 918 434 982 501; x_wconf 65' lang='grc' dir='ltr'>ως</span> 
     </span>
    </p>
   </div>
   <div class='ocr_carea' id='block_1_2' title="bbox 194 540 982 3013">
    <p class='ocr_par' dir='ltr' id='par_1_2' title="bbox 204 540 982 778">
     <span class='ocr_line' id='line_1_2' title="bbox 208 540 905 619; baseline 0.001 -24"><span class='ocrx_word' id='word_1_4' title='bbox 208 540 307 598; x_wconf 84' lang='lat' dir='ltr'>Efficit:</span> <span class='ocrx_word' id='word_1_5' title='bbox 323 557 351 598; x_wconf 84' lang='lat' dir='ltr'>ee</span> <span class='ocrx_word' id='word_1_6' title='bbox 362 544 452 599; x_wconf 86' lang='lat' dir='ltr'>musto</span> <span class='ocrx_word' id='word_1_7' title='bbox 465 542 552 619; x_wconf 87' lang='lat' dir='ltr'>sopor</span> <span class='ocrx_word' id='word_1_8' title='bbox 563 543 611 599; x_wconf 85' lang='lat' dir='ltr'>isse</span> <span class='ocrx_word' id='word_1_9' title='bbox 624 543 799 618; x_wconf 77' lang='lat' dir='ltr'>gravissimus</span> <span class='ocrx_word' id='word_1_10' title='bbox 809 540 905 605; x_wconf 78' lang='lat' dir='ltr'>exstat,</span> 
     </span>
     <span class='ocr_line' id='line_1_3' title="bbox 207 617 982 699; baseline -0.004 -22"><span class='ocrx_word' id='word_1_11' title='bbox 207 623 293 697; x_wconf 76' lang='lat' dir='ltr'>Quem</span> <span class='ocrx_word' id='word_1_12' title='bbox 307 622 392 688; x_wconf 77' lang='lat' dir='ltr'>satur,</span> <span class='ocrx_word' id='word_1_13' title='bbox 404 620 540 680; x_wconf 79' lang='lat' dir='ltr'>autlassur</span> <span class='ocrx_word' id='word_1_14' title='bbox 549 622 659 699; x_wconf 72' lang='lat' dir='ltr'>capiare</span> <span class='ocrx_word' id='word_1_15' title='bbox 676 624 740 698; x_wconf 87' lang='lat' dir='ltr'>quia</span> <span class='ocrx_word' id='word_1_16' title='bbox 751 622 874 699; x_wconf 84' lang='lat' dir='ltr'>plurima</span> <span class='ocrx_word' id='word_1_17' title='bbox 884 636 944 677; x_wconf 88' lang='lat' dir='ltr'>tum</span> <span class='ocrx_word' id='word_1_18' title='bbox 955 617 982 675; x_wconf 91' lang='lat' dir='ltr'>se</span> 
     </span>
     <span class='ocr_line' id='line_1_4' title="bbox 204 702 869 778; baseline 0.005 -23"><span class='ocrx_word' id='word_1_19' title='bbox 204 702 326 778; x_wconf 86' lang='lat' dir='ltr'>Corpora</span> <span class='ocrx_word' id='word_1_20' title='bbox 340 704 510 759; x_wconf 82' lang='lat' dir='ltr'>conturbant</span> <span class='ocrx_word' id='word_1_21' title='bbox 521 722 626 777; x_wconf 84' lang='lat' dir='ltr'>magno</span> <span class='ocrx_word' id='word_1_22' title='bbox 638 703 752 759; x_wconf 88' lang='lat' dir='ltr'>contusa</span> <span class='ocrx_word' id='word_1_23' title='bbox 764 704 869 759; x_wconf 84' lang='lat' dir='ltr'>labore.</span> 
     </span>
    </p>

    <p class='ocr_par' dir='ltr' id='par_1_3' title="bbox 202 781 831 858">
     <span class='ocr_line' id='line_1_5' title="bbox 202 781 831 858; baseline 0.005 -22"><span class='ocrx_word' id='word_1_24' title='bbox 202 781 242 838; x_wconf 77' lang='lat' dir='ltr'>sit</span> <span class='ocrx_word' id='word_1_25' title='bbox 251 782 359 838; x_wconf 77' lang='lat' dir='ltr'>ratione</span> <span class='ocrx_word' id='word_1_26' title='bbox 372 782 465 838; x_wconf 85' lang='lat' dir='ltr'>eadem</span> <span class='ocrx_word' id='word_1_27' title='bbox 478 781 623 858; x_wconf 72' lang='lat' dir='ltr'>conjesine¹</span> <span class='ocrx_word' id='word_1_28' title='bbox 631 801 715 858; x_wconf 89' lang='lat' dir='ltr'>porro</span> <span class='ocrx_word' id='word_1_29' title='bbox 727 783 831 840; x_wconf 89' lang='lat' dir='ltr'>animai</span> 
     </span>
    </p>

    <p class='ocr_par' dir='ltr' id='par_1_4' title="bbox 203 860 795 939">
     <span class='ocr_line' id='line_1_6' title="bbox 203 860 795 939; baseline 0.003 -23"><span class='ocrx_word' id='word_1_30' title='bbox 203 860 303 925; x_wconf 78' lang='lat' dir='ltr'><strong>Altior,</strong></span> <span class='ocrx_word' id='word_1_31' title='bbox 317 877 401 937; x_wconf 82' lang='lat' dir='ltr'>arque</span> <span class='ocrx_word' id='word_1_32' title='bbox 413 862 486 919; x_wconf 77' lang='lat' dir='ltr'>sorae</span> <span class='ocrx_word' id='word_1_33' title='bbox 499 860 599 939; x_wconf 71' lang='lat' dir='ltr'>cjedue</span> <span class='ocrx_word' id='word_1_34' title='bbox 608 862 714 937; x_wconf 81' lang='lat' dir='ltr'>largior</span> <span class='ocrx_word' id='word_1_35' title='bbox 726 865 795 938; x_wconf 80' lang='lat' dir='ltr'>ejus,</span> 
     </span>
    </p>

    <p class='ocr_par' dir='ltr' id='par_1_5' title="bbox 201 941 811 1008">
     <span class='ocr_line' id='line_1_7' title="bbox 201 941 811 1008; baseline 0.007 -13"><span class='ocrx_word' id='word_1_36' title='bbox 201 941 232 996; x_wconf 88' lang='lat' dir='ltr'>Et</span> <span class='ocrx_word' id='word_1_37' title='bbox 243 942 362 999; x_wconf 80' lang='lat' dir='ltr'>divisor</span> <span class='ocrx_word' id='word_1_38' title='bbox 374 942 448 1000; x_wconf 80' lang='lat' dir='ltr'>incer</span> <span class='ocrx_word' id='word_1_39' title='bbox 459 942 495 1008; x_wconf 78' lang='lat' dir='ltr'>se,</span> <span class='ocrx_word' id='word_1_40' title='bbox 511 962 541 999; x_wconf 90' lang='lat' dir='ltr'>ac</span> <span class='ocrx_word' id='word_1_41' title='bbox 553 941 708 999; x_wconf 75' lang='lat' dir='ltr'>distrrsiior</span> <span class='ocrx_word' id='word_1_42' title='bbox 723 942 811 1000; x_wconf 81' lang='lat' dir='ltr'>intur.</span> 
     </span>
    </p>

    <p class='ocr_par' dir='ltr' id='par_1_6' title="bbox 198 1020 953 1500">
     <span class='ocr_line' id='line_1_8' title="bbox 200 1020 907 1096; baseline 0.01 -20"><span class='ocrx_word' id='word_1_43' title='bbox 200 1022 231 1076; x_wconf 83' lang='lat' dir='ltr'>Et</span> <span class='ocrx_word' id='word_1_44' title='bbox 243 1022 312 1095; x_wconf 89' lang='lat' dir='ltr'>quoi</span> <span class='ocrx_word' id='word_1_45' title='bbox 326 1022 444 1096; x_wconf 90' lang='lat' dir='ltr'>quisque</span> <span class='ocrx_word' id='word_1_46' title='bbox 455 1020 511 1079; x_wconf 87' lang='lat' dir='ltr'>sere</span> <span class='ocrx_word' id='word_1_47' title='bbox 521 1021 612 1080; x_wconf 82' lang='lat' dir='ltr'>siudio</span> <span class='ocrx_word' id='word_1_48' title='bbox 624 1022 767 1080; x_wconf 68' lang='lat' dir='ltr'>devinctus</span> <span class='ocrx_word' id='word_1_49' title='bbox 776 1023 907 1093; x_wconf 80' lang='lat' dir='ltr'>adhaeret,</span> 
     </span>
     <span class='ocr_line' id='line_1_9' title="bbox 199 1101 953 1177; baseline 0.008 -21"><span class='ocrx_word' id='word_1_50' title='bbox 199 1102 257 1158; x_wconf 79' lang='lat' dir='ltr'>Aut</span> <span class='ocrx_word' id='word_1_51' title='bbox 269 1101 375 1177; x_wconf 83' lang='lat' dir='ltr'>quibus</span> <span class='ocrx_word' id='word_1_52' title='bbox 388 1101 418 1157; x_wconf 92' lang='lat' dir='ltr'>in</span> <span class='ocrx_word' id='word_1_53' title='bbox 432 1103 512 1159; x_wconf 83' lang='lat' dir='ltr'>rebus</span> <span class='ocrx_word' id='word_1_54' title='bbox 525 1104 647 1159; x_wconf 89' lang='lat' dir='ltr'>multum</span> <span class='ocrx_word' id='word_1_55' title='bbox 662 1102 828 1161; x_wconf 83' lang='lat' dir='ltr'>sumnsante</span> <span class='ocrx_word' id='word_1_56' title='bbox 841 1106 953 1171; x_wconf 78' lang='lat' dir='ltr'>morati,</span> 
     </span>
     <span class='ocr_line' id='line_1_10' title="bbox 198 1182 937 1261; baseline 0.007 -25"><span class='ocrx_word' id='word_1_57' title='bbox 198 1182 291 1255; x_wconf 81' lang='lat' dir='ltr'>Atque</span> <span class='ocrx_word' id='word_1_58' title='bbox 302 1184 334 1237; x_wconf 90' lang='lat' dir='ltr'>in</span> <span class='ocrx_word' id='word_1_59' title='bbox 348 1201 404 1257; x_wconf 82' lang='lat' dir='ltr'>qua</span> <span class='ocrx_word' id='word_1_60' title='bbox 417 1182 524 1238; x_wconf 82' lang='lat' dir='ltr'>ratione</span> <span class='ocrx_word' id='word_1_61' title='bbox 537 1182 592 1238; x_wconf 80' lang='lat' dir='ltr'>suit</span> <span class='ocrx_word' id='word_1_62' title='bbox 605 1197 734 1240; x_wconf 81' lang='lat' dir='ltr'>contenta</span> <span class='ocrx_word' id='word_1_63' title='bbox 746 1185 834 1261; x_wconf 83' lang='lat' dir='ltr'>magis</span> <span class='ocrx_word' id='word_1_64' title='bbox 848 1205 937 1254; x_wconf 82' lang='lat' dir='ltr'>mens,</span> 
     </span>
     <span class='ocr_line' id='line_1_11' title="bbox 198 1261 885 1338; baseline 0.006 -23"><span class='ocrx_word' id='word_1_65' title='bbox 198 1261 231 1316; x_wconf 91' lang='lat' dir='ltr'>In</span> <span class='ocrx_word' id='word_1_66' title='bbox 244 1261 350 1319; x_wconf 78' lang='lat' dir='ltr'>somnis</span> <span class='ocrx_word' id='word_1_67' title='bbox 363 1261 457 1317; x_wconf 90' lang='lat' dir='ltr'>eadem</span> <span class='ocrx_word' id='word_1_68' title='bbox 472 1264 638 1338; x_wconf 87' lang='lat' dir='ltr'>plerumque</span> <span class='ocrx_word' id='word_1_69' title='bbox 651 1263 781 1324; x_wconf 82' lang='lat' dir='ltr'>videmur</span> <span class='ocrx_word' id='word_1_70' title='bbox 792 1264 885 1319; x_wconf 89' lang='lat' dir='ltr'>obire:</span> 
     </span>
     <span class='ocr_line' id='line_1_12' title="bbox 198 1342 865 1419; baseline 0.003 -23"><span class='ocrx_word' id='word_1_71' title='bbox 198 1342 336 1399; x_wconf 89' lang='lat' dir='ltr'>Causidici</span> <span class='ocrx_word' id='word_1_72' title='bbox 351 1342 442 1399; x_wconf 81' lang='lat' dir='ltr'><strong>causas</strong></span> <span class='ocrx_word' id='word_1_73' title='bbox 454 1362 543 1418; x_wconf 77' lang='lat' dir='ltr'>agere,</span> <span class='ocrx_word' id='word_1_74' title='bbox 559 1358 585 1400; x_wconf 89' lang='lat' dir='ltr'>et</span> <span class='ocrx_word' id='word_1_75' title='bbox 599 1363 766 1419; x_wconf 86' lang='lat' dir='ltr'>componere</span> <span class='ocrx_word' id='word_1_76' title='bbox 779 1345 865 1419; x_wconf 86' lang='lat' dir='ltr'>leges:</span> 
     </span>
     <span class='ocr_line' id='line_1_13' title="bbox 198 1421 825 1500; baseline 0.006 -25"><span class='ocrx_word' id='word_1_77' title='bbox 198 1421 418 1497; x_wconf 74' lang='lat' dir='ltr'>induperatores</span> <span class='ocrx_word' id='word_1_78' title='bbox 431 1442 565 1499; x_wconf 83' lang='lat' dir='ltr'>pugnare,</span> <span class='ocrx_word' id='word_1_79' title='bbox 579 1444 611 1480; x_wconf 85' lang='lat' dir='ltr'>ac</span> <span class='ocrx_word' id='word_1_80' title='bbox 620 1424 719 1500; x_wconf 84' lang='lat' dir='ltr'>proelia</span> <span class='ocrx_word' id='word_1_81' title='bbox 731 1424 825 1479; x_wconf 87' lang='lat' dir='ltr'>obire:</span> 
     </span>
    </p>

    <p class='ocr_par' dir='ltr' id='par_1_7' title="bbox 196 1500 970 1886">
     <span class='ocr_line' id='line_1_14' title="bbox 197 1500 914 1563; baseline 0.004 -6"><span class='ocrx_word' id='word_1_82' title='bbox 197 1501 295 1557; x_wconf 83' lang='lat' dir='ltr'>Nautae</span> <span class='ocrx_word' id='word_1_83' title='bbox 309 1500 483 1559; x_wconf 63' lang='lat' dir='ltr'>contrabium</span> <span class='ocrx_word' id='word_1_84' title='bbox 492 1523 555 1560; x_wconf 82' lang='lat' dir='ltr'>cunr</span> <span class='ocrx_word' id='word_1_85' title='bbox 568 1504 661 1563; x_wconf 79' lang='lat' dir='ltr'>ventis</span> <span class='ocrx_word' id='word_1_86' title='bbox 673 1524 783 1560; x_wconf 86' lang='lat' dir='ltr'>cernere</span> <span class='ocrx_word' id='word_1_87' title='bbox 796 1507 914 1563; x_wconf 86' lang='lat' dir='ltr'>bellum:</span> 
     </span>
     <span class='ocr_line' id='line_1_15' title="bbox 198 1580 960 1659; baseline 0.003 -22"><span class='ocrx_word' id='word_1_88' title='bbox 198 1581 257 1637; x_wconf 85' lang='lat' dir='ltr'>Nos</span> <span class='ocrx_word' id='word_1_89' title='bbox 271 1601 351 1657; x_wconf 83' lang='lat' dir='ltr'>agere</span> <span class='ocrx_word' id='word_1_90' title='bbox 364 1580 418 1638; x_wconf 92' lang='lat' dir='ltr'>hoc</span> <span class='ocrx_word' id='word_1_91' title='bbox 432 1598 537 1650; x_wconf 79' lang='lat' dir='ltr'>aurem,</span> <span class='ocrx_word' id='word_1_92' title='bbox 552 1597 578 1639; x_wconf 84' lang='lat' dir='ltr'>et</span> <span class='ocrx_word' id='word_1_93' title='bbox 589 1598 719 1641; x_wconf 84' lang='lat' dir='ltr'>naturam</span> <span class='ocrx_word' id='word_1_94' title='bbox 732 1605 853 1659; x_wconf 84' lang='lat' dir='ltr'>quaerere</span> <span class='ocrx_word' id='word_1_95' title='bbox 865 1603 960 1643; x_wconf 85' lang='lat' dir='ltr'>rerum</span> 
     </span>
     <span class='ocr_line' id='line_1_16' title="bbox 196 1657 906 1740; baseline 0.006 -23"><span class='ocrx_word' id='word_1_96' title='bbox 196 1662 321 1738; x_wconf 81' lang='lat' dir='ltr'><strong>Semper,</strong></span> <span class='ocrx_word' id='word_1_97' title='bbox 335 1676 362 1718; x_wconf 85' lang='lat' dir='ltr'>et</span> <span class='ocrx_word' id='word_1_98' title='bbox 375 1657 520 1720; x_wconf 73' lang='lat' dir='ltr'>inventam</span> <span class='ocrx_word' id='word_1_99' title='bbox 531 1663 629 1739; x_wconf 83' lang='lat' dir='ltr'>patriis</span> <span class='ocrx_word' id='word_1_100' title='bbox 641 1683 780 1740; x_wconf 83' lang='lat' dir='ltr'>exponere</span> <span class='ocrx_word' id='word_1_101' title='bbox 792 1664 906 1723; x_wconf 82' lang='lat' dir='ltr'>chartis.</span> 
     </span>
     <span class='ocr_line' id='line_1_17' title="bbox 197 1741 970 1820; baseline 0.006 -24"><span class='ocrx_word' id='word_1_102' title='bbox 197 1743 304 1798; x_wconf 64' lang='lat' dir='ltr'>Caetera</span> <span class='ocrx_word' id='word_1_103' title='bbox 318 1742 351 1799; x_wconf 83' lang='lat' dir='ltr'>fic</span> <span class='ocrx_word' id='word_1_104' title='bbox 366 1741 467 1810; x_wconf 82' lang='lat' dir='ltr'>studia,</span> <span class='ocrx_word' id='word_1_105' title='bbox 479 1758 562 1818; x_wconf 89' lang='lat' dir='ltr'>atque</span> <span class='ocrx_word' id='word_1_106' title='bbox 573 1759 645 1800; x_wconf 85' lang='lat' dir='ltr'>artes</span> <span class='ocrx_word' id='word_1_107' title='bbox 660 1746 824 1820; x_wconf 85' lang='lat' dir='ltr'>plerumque</span> <span class='ocrx_word' id='word_1_108' title='bbox 836 1746 970 1805; x_wconf 80' lang='lat' dir='ltr'>videntur</span> 
     </span>
     <span class='ocr_line' id='line_1_18' title="bbox 197 1821 885 1886; baseline 0.009 -9"><span class='ocrx_word' id='word_1_109' title='bbox 197 1821 231 1878; x_wconf 93' lang='lat' dir='ltr'>In</span> <span class='ocrx_word' id='word_1_110' title='bbox 244 1822 349 1886; x_wconf 84' lang='lat' dir='ltr'>somnis</span> <span class='ocrx_word' id='word_1_111' title='bbox 361 1822 469 1879; x_wconf 74' lang='lat' dir='ltr'>animos</span> <span class='ocrx_word' id='word_1_112' title='bbox 481 1821 633 1881; x_wconf 86' lang='lat' dir='ltr'>hominurn</span> <span class='ocrx_word' id='word_1_113' title='bbox 647 1823 773 1882; x_wconf 83' lang='lat' dir='ltr'>frustrata</span> <span class='ocrx_word' id='word_1_114' title='bbox 782 1840 885 1883; x_wconf 85' lang='lat' dir='ltr'>tenere.</span> 
     </span>
    </p>

    <p class='ocr_par' dir='ltr' id='par_1_8' title="bbox 196 1902 943 2219">
     <span class='ocr_line' id='line_1_19' title="bbox 196 1902 847 1978; baseline 0.008 -20"><span class='ocrx_word' id='word_1_115' title='bbox 196 1902 242 1970; x_wconf 83' lang='lat' dir='ltr'>Et,</span> <span class='ocrx_word' id='word_1_116' title='bbox 256 1903 420 1978; x_wconf 86' lang='lat' dir='ltr'>quicunque</span> <span class='ocrx_word' id='word_1_117' title='bbox 432 1902 490 1960; x_wconf 83' lang='lat' dir='ltr'>dier</span> <span class='ocrx_word' id='word_1_118' title='bbox 502 1906 605 1961; x_wconf 79' lang='lat' dir='ltr'>mustos</span> <span class='ocrx_word' id='word_1_119' title='bbox 617 1924 651 1962; x_wconf 83' lang='lat' dir='ltr'>ex</span> <span class='ocrx_word' id='word_1_120' title='bbox 664 1905 764 1962; x_wconf 85' lang='lat' dir='ltr'>ordine</span> <span class='ocrx_word' id='word_1_121' title='bbox 772 1907 847 1964; x_wconf 87' lang='lat' dir='ltr'>ludis</span> 
     </span>
     <span class='ocr_line' id='line_1_20' title="bbox 196 1982 943 2060; baseline 0.007 -21"><span class='ocrx_word' id='word_1_122' title='bbox 196 1982 335 2040; x_wconf 84' lang='lat' dir='ltr'>Adsiduas</span> <span class='ocrx_word' id='word_1_123' title='bbox 348 1984 485 2042; x_wconf 87' lang='lat' dir='ltr'>dederunt</span> <span class='ocrx_word' id='word_1_124' title='bbox 497 2004 606 2060; x_wconf 83' lang='lat' dir='ltr'>operas,</span> <span class='ocrx_word' id='word_1_125' title='bbox 623 1987 790 2060; x_wconf 86' lang='lat' dir='ltr'>plerumque</span> <span class='ocrx_word' id='word_1_126' title='bbox 802 1987 943 2056; x_wconf 77' lang='lat' dir='ltr'>videmur,</span> 
     </span>
     <span class='ocr_line' id='line_1_21' title="bbox 198 2062 864 2141; baseline 0.005 -22"><span class='ocrx_word' id='word_1_127' title='bbox 198 2065 299 2138; x_wconf 78' lang='lat' dir='ltr'>Quom</span> <span class='ocrx_word' id='word_1_128' title='bbox 306 2064 367 2139; x_wconf 84' lang='lat' dir='ltr'>jam</span> <span class='ocrx_word' id='word_1_129' title='bbox 379 2062 532 2121; x_wconf 83' lang='lat' dir='ltr'>destiterint</span> <span class='ocrx_word' id='word_1_130' title='bbox 544 2084 575 2120; x_wconf 92' lang='lat' dir='ltr'>ea</span> <span class='ocrx_word' id='word_1_131' title='bbox 586 2064 705 2121; x_wconf 84' lang='lat' dir='ltr'>sensbus</span> <span class='ocrx_word' id='word_1_132' title='bbox 719 2066 864 2141; x_wconf 82' lang='lat' dir='ltr'>usurpare,</span> 
     </span>
     <span class='ocr_line' id='line_1_22' title="bbox 197 2143 877 2219; baseline 0.004 -19"><span class='ocrx_word' id='word_1_133' title='bbox 197 2144 332 2218; x_wconf 82' lang='lat' dir='ltr'>Reliquae</span> <span class='ocrx_word' id='word_1_134' title='bbox 347 2158 437 2200; x_wconf 83' lang='lat' dir='ltr'>tamen</span> <span class='ocrx_word' id='word_1_135' title='bbox 450 2143 501 2200; x_wconf 83' lang='lat' dir='ltr'>esse</span> <span class='ocrx_word' id='word_1_136' title='bbox 515 2145 573 2200; x_wconf 83' lang='lat' dir='ltr'>vias</span> <span class='ocrx_word' id='word_1_137' title='bbox 582 2144 612 2200; x_wconf 93' lang='lat' dir='ltr'>in</span> <span class='ocrx_word' id='word_1_138' title='bbox 626 2162 718 2200; x_wconf 80' lang='lat' dir='ltr'>mente</span> <span class='ocrx_word' id='word_1_139' title='bbox 729 2147 877 2219; x_wconf 68' lang='lat' dir='ltr'>parennis,</span> 
     </span>
    </p>

    <p class='ocr_par' dir='ltr' id='par_1_9' title="bbox 194 2222 970 2780">
     <span class='ocr_line' id='line_1_23' title="bbox 197 2222 865 2300; baseline 0.009 -22"><span class='ocrx_word' id='word_1_140' title='bbox 197 2225 263 2300; x_wconf 77' lang='lat' dir='ltr'>Qua</span> <span class='ocrx_word' id='word_1_141' title='bbox 277 2222 378 2298; x_wconf 79' lang='lat' dir='ltr'>possint</span> <span class='ocrx_word' id='word_1_142' title='bbox 389 2224 485 2281; x_wconf 85' lang='lat' dir='ltr'>eadem</span> <span class='ocrx_word' id='word_1_143' title='bbox 498 2242 592 2280; x_wconf 85' lang='lat' dir='ltr'>rernm</span> <span class='ocrx_word' id='word_1_144' title='bbox 605 2225 745 2280; x_wconf 85' lang='lat' dir='ltr'>simulacra</span> <span class='ocrx_word' id='word_1_145' title='bbox 758 2225 865 2284; x_wconf 87' lang='lat' dir='ltr'>venire.</span> 
     </span>
     <span class='ocr_line' id='line_1_24' title="bbox 197 2303 905 2378; baseline 0.007 -18"><span class='ocrx_word' id='word_1_146' title='bbox 197 2304 354 2360; x_wconf 83' lang='lat' dir='ltr'>Permultoc</span> <span class='ocrx_word' id='word_1_147' title='bbox 363 2304 457 2378; x_wconf 89' lang='lat' dir='ltr'>itaque</span> <span class='ocrx_word' id='word_1_148' title='bbox 469 2305 517 2360; x_wconf 87' lang='lat' dir='ltr'>illa</span> <span class='ocrx_word' id='word_1_149' title='bbox 529 2304 588 2360; x_wconf 84' lang='lat' dir='ltr'>dies</span> <span class='ocrx_word' id='word_1_150' title='bbox 601 2303 695 2360; x_wconf 87' lang='lat' dir='ltr'>eadem</span> <span class='ocrx_word' id='word_1_151' title='bbox 709 2305 891 2365; x_wconf 82' lang='lat' dir='ltr'>obversantur</span> <span class='ocrx_word' id='word_1_152' title='bbox 903 2365 905 2369; x_wconf 83' lang='grc'>,</span> 
     </span>
     <span class='ocr_line' id='line_1_25' title="bbox 196 2384 856 2458; baseline 0.003 -18"><span class='ocrx_word' id='word_1_153' title='bbox 196 2385 275 2441; x_wconf 81' lang='lat' dir='ltr'>Ante</span> <span class='ocrx_word' id='word_1_154' title='bbox 286 2384 393 2450; x_wconf 86' lang='lat' dir='ltr'>oculos,</span> <span class='ocrx_word' id='word_1_155' title='bbox 408 2385 490 2439; x_wconf 85' lang='lat' dir='ltr'>etiam</span> <span class='ocrx_word' id='word_1_156' title='bbox 504 2384 652 2458; x_wconf 81' lang='lat' dir='ltr'>vigilanter</span> <span class='ocrx_word' id='word_1_157' title='bbox 665 2399 697 2439; x_wconf 87' lang='lat' dir='ltr'>ue</span> <span class='ocrx_word' id='word_1_158' title='bbox 709 2385 856 2443; x_wconf 87' lang='lat' dir='ltr'>videantur</span> 
     </span>
     <span class='ocr_line' id='line_1_26' title="bbox 197 2461 945 2534; baseline 0.009 -16"><span class='ocrx_word' id='word_1_159' title='bbox 197 2465 318 2518; x_wconf 85' lang='lat' dir='ltr'>Cernere</span> <span class='ocrx_word' id='word_1_160' title='bbox 331 2461 478 2530; x_wconf 73' lang='lat' dir='ltr'>saluareio,</span> <span class='ocrx_word' id='word_1_161' title='bbox 494 2477 520 2518; x_wconf 89' lang='lat' dir='ltr'>ct</span> <span class='ocrx_word' id='word_1_162' title='bbox 532 2462 629 2519; x_wconf 85' lang='lat' dir='ltr'>mulsia</span> <span class='ocrx_word' id='word_1_163' title='bbox 642 2466 765 2521; x_wconf 82' lang='lat' dir='ltr'>membra</span> <span class='ocrx_word' id='word_1_164' title='bbox 779 2469 945 2534; x_wconf 68' lang='lat' dir='ltr'>moventeise</span> 
     </span>
     <span class='ocr_line' id='line_1_27' title="bbox 195 2540 970 2620; baseline 0.005 -20"><span class='ocrx_word' id='word_1_165' title='bbox 195 2543 232 2600; x_wconf 84' lang='lat' dir='ltr'>Et</span> <span class='ocrx_word' id='word_1_166' title='bbox 240 2540 625 2618; x_wconf 80' lang='lat' dir='ltr'>citharaeliqnidumcarmen‚</span> <span class='ocrx_word' id='word_1_167' title='bbox 637 2542 806 2618; x_wconf 85' lang='lat' dir='ltr'>chordasque</span> <span class='ocrx_word' id='word_1_168' title='bbox 815 2546 970 2620; x_wconf 82' lang='lat' dir='ltr'>loquenteir</span> 
     </span>
     <span class='ocr_line' id='line_1_28' title="bbox 194 2621 937 2700; baseline 0.001 -19"><span class='ocrx_word' id='word_1_169' title='bbox 194 2623 321 2681; x_wconf 81' lang='lat' dir='ltr'>Auribus</span> <span class='ocrx_word' id='word_1_170' title='bbox 333 2623 469 2700; x_wconf 84' lang='lat' dir='ltr'>accipere,</span> <span class='ocrx_word' id='word_1_171' title='bbox 484 2639 510 2679; x_wconf 79' lang='lat' dir='ltr'>er</span> <span class='ocrx_word' id='word_1_172' title='bbox 522 2621 674 2680; x_wconf 83' lang='lat' dir='ltr'>consessum</span> <span class='ocrx_word' id='word_1_173' title='bbox 686 2642 796 2679; x_wconf 84' lang='lat' dir='ltr'>cernere</span> <span class='ocrx_word' id='word_1_174' title='bbox 808 2625 937 2694; x_wconf 77' lang='lat' dir='ltr'>eundem.</span> 
     </span>
     <span class='ocr_line' id='line_1_29' title="bbox 197 2702 830 2780; baseline -0.002 -20"><span class='ocrx_word' id='word_1_175' title='bbox 197 2703 346 2777; x_wconf 76' lang='lat' dir='ltr'>scenaique</span> <span class='ocrx_word' id='word_1_176' title='bbox 359 2702 438 2760; x_wconf 88' lang='lat' dir='ltr'>simul</span> <span class='ocrx_word' id='word_1_177' title='bbox 451 2705 542 2760; x_wconf 88' lang='lat' dir='ltr'>varios</span> <span class='ocrx_word' id='word_1_178' title='bbox 552 2703 694 2780; x_wconf 82' lang='lat' dir='ltr'>splendere</span> <span class='ocrx_word' id='word_1_179' title='bbox 706 2702 830 2761; x_wconf 79' lang='lat' dir='ltr'>decores.</span> 
     </span>
    </p>

    <p class='ocr_par' dir='ltr' id='par_1_10' title="bbox 196 2783 966 2941">
     <span class='ocr_line' id='line_1_30' title="bbox 197 2783 966 2862; baseline 0.001 -20"><span class='ocrx_word' id='word_1_180' title='bbox 197 2785 292 2862; x_wconf 88' lang='lat' dir='ltr'>Usque</span> <span class='ocrx_word' id='word_1_181' title='bbox 304 2784 372 2840; x_wconf 87' lang='lat' dir='ltr'>adeo</span> <span class='ocrx_word' id='word_1_182' title='bbox 383 2785 478 2859; x_wconf 84' lang='lat' dir='ltr'>magui</span> <span class='ocrx_word' id='word_1_183' title='bbox 489 2783 571 2841; x_wconf 84' lang='lat' dir='ltr'>refert</span> <span class='ocrx_word' id='word_1_184' title='bbox 585 2783 717 2852; x_wconf 77' lang='lat' dir='ltr'>studium,</span> <span class='ocrx_word' id='word_1_185' title='bbox 733 2799 815 2858; x_wconf 85' lang='lat' dir='ltr'>atque</span> <span class='ocrx_word' id='word_1_186' title='bbox 827 2787 966 2855; x_wconf 73' lang='lat' dir='ltr'>voluntas,</span> 
     </span>
     <span class='ocr_line' id='line_1_31' title="bbox 196 2862 834 2941; baseline 0.002 -21"><span class='ocrx_word' id='word_1_187' title='bbox 196 2866 232 2920; x_wconf 86' lang='lat' dir='ltr'>Et</span> <span class='ocrx_word' id='word_1_188' title='bbox 243 2863 347 2940; x_wconf 84' lang='lat' dir='ltr'>quibus</span> <span class='ocrx_word' id='word_1_189' title='bbox 360 2864 391 2919; x_wconf 93' lang='lat' dir='ltr'>in</span> <span class='ocrx_word' id='word_1_190' title='bbox 403 2865 485 2920; x_wconf 86' lang='lat' dir='ltr'>rebus</span> <span class='ocrx_word' id='word_1_191' title='bbox 499 2863 657 2921; x_wconf 89' lang='lat' dir='ltr'>consuerint</span> <span class='ocrx_word' id='word_1_192' title='bbox 667 2862 717 2920; x_wconf 86' lang='lat' dir='ltr'>esse</span> <span class='ocrx_word' id='word_1_193' title='bbox 727 2866 834 2941; x_wconf 86' lang='lat' dir='ltr'>operati</span> 
     </span>
    </p>

    <p class='ocr_par' dir='ltr' id='par_1_11' title="bbox 198 2942 921 3013">
     <span class='ocr_line' id='line_1_32' title="bbox 198 2942 921 3013; baseline 0 -10"><span class='ocrx_word' id='word_1_194' title='bbox 198 2947 264 3003; x_wconf 85' lang='lat' dir='ltr'>Non</span> <span class='ocrx_word' id='word_1_195' title='bbox 275 2943 403 3000; x_wconf 87' lang='lat' dir='ltr'>homiues</span> <span class='ocrx_word' id='word_1_196' title='bbox 416 2942 517 3013; x_wconf 78' lang='lat' dir='ltr'>sulum,</span> <span class='ocrx_word' id='word_1_197' title='bbox 533 2943 577 3000; x_wconf 88' lang='lat' dir='ltr'>sed</span> <span class='ocrx_word' id='word_1_198' title='bbox 586 2964 653 3001; x_wconf 87' lang='lat' dir='ltr'>vero</span> <span class='ocrx_word' id='word_1_199' title='bbox 666 2945 798 3002; x_wconf 89' lang='lat' dir='ltr'>animalia</span> <span class='ocrx_word' id='word_1_200' title='bbox 811 2945 921 3004; x_wconf 75' lang='lat' dir='ltr'>cundia.</span> 
     </span>
    </p>
   </div>
   <div class='ocr_carea' id='block_1_3' title="bbox 195 3023 979 3482">
    <p class='ocr_par' dir='ltr' id='par_1_12' title="bbox 197 3023 979 3264">
     <span class='ocr_line' id='line_1_33' title="bbox 197 3023 979 3105; baseline 0.008 -25"><span class='ocrx_word' id='word_1_201' title='bbox 197 3025 318 3105; x_wconf 73' lang='lat' dir='ltr'>Quippe</span> <span class='ocrx_word' id='word_1_202' title='bbox 340 3023 447 3080; x_wconf 82' lang='lat' dir='ltr'>videbis</span> <span class='ocrx_word' id='word_1_203' title='bbox 465 3043 550 3100; x_wconf 85' lang='lat' dir='ltr'>equos</span> <span class='ocrx_word' id='word_1_204' title='bbox 569 3023 676 3091; x_wconf 76' lang='lat' dir='ltr'>surreie,</span> <span class='ocrx_word' id='word_1_205' title='bbox 700 3046 764 3082; x_wconf 86' lang='lat' dir='ltr'>cum</span> <span class='ocrx_word' id='word_1_206' title='bbox 775 3028 898 3084; x_wconf 88' lang='lat' dir='ltr'>membra</span> <span class='ocrx_word' id='word_1_207' title='bbox 905 3029 979 3105; x_wconf 88' lang='lat' dir='ltr'>jaee-</span> 
     </span>
     <span class='ocr_line' id='line_1_34' title="bbox 198 3105 838 3264; baseline 0.002 -22"><span class='ocrx_word' id='word_1_208' title='bbox 198 3187 232 3242; x_wconf 90' lang='lat' dir='ltr'>In</span> <span class='ocrx_word' id='word_1_209' title='bbox 247 3105 459 3242; x_wconf 60' lang='lat' dir='ltr'>somnissddare</span> <span class='ocrx_word' id='word_1_210' title='bbox 473 3200 576 3252; x_wconf 76' lang='lat' dir='ltr'>tamen,</span> <span class='ocrx_word' id='word_1_211' title='bbox 591 3186 749 3264; x_wconf 86' lang='lat' dir='ltr'>spirareque</span> <span class='ocrx_word' id='word_1_212' title='bbox 762 3186 838 3264; x_wconf 75' lang='lat' dir='ltr'>sepe,</span> 
     </span>
    </p>

    <p class='ocr_par' dir='ltr' id='par_1_13' title="bbox 195 3264 977 3482">
     <span class='ocr_line' id='line_1_35' title="bbox 198 3264 883 3342; baseline 0.007 -22"><span class='ocrx_word' id='word_1_213' title='bbox 198 3267 232 3321; x_wconf 85' lang='lat' dir='ltr'>Et</span> <span class='ocrx_word' id='word_1_214' title='bbox 245 3266 318 3342; x_wconf 78' lang='lat' dir='ltr'>quasi</span> <span class='ocrx_word' id='word_1_215' title='bbox 328 3264 363 3323; x_wconf 86' lang='lat' dir='ltr'>de</span> <span class='ocrx_word' id='word_1_216' title='bbox 376 3267 467 3340; x_wconf 88' lang='lat' dir='ltr'>palma</span> <span class='ocrx_word' id='word_1_217' title='bbox 480 3265 596 3323; x_wconf 87' lang='lat' dir='ltr'>summas</span> <span class='ocrx_word' id='word_1_218' title='bbox 609 3265 775 3323; x_wconf 75' lang='lat' dir='ltr'>contendere</span> <span class='ocrx_word' id='word_1_219' title='bbox 788 3268 883 3334; x_wconf 80' lang='lat' dir='ltr'>vireis,</span> 
     </span>
     <span class='ocr_line' id='line_1_36' title="bbox 195 3343 977 3482; baseline 0.003 -79"><span class='ocrx_word' id='word_1_220' title='bbox 195 3345 278 3403; x_wconf 90' lang='lat' dir='ltr'>Tunc</span> <span class='ocrx_word' id='word_1_221' title='bbox 292 3344 364 3420; x_wconf 89' lang='lat' dir='ltr'>quasi</span> <span class='ocrx_word' id='word_1_222' title='bbox 379 3345 531 3403; x_wconf 75' lang='lat' dir='ltr'>carceribus</span> <span class='ocrx_word' id='word_1_223' title='bbox 544 3345 684 3424; x_wconf 75' lang='lat' dir='ltr'>patesadiis</span> <span class='ocrx_word' id='word_1_224' title='bbox 697 3343 764 3421; x_wconf 73' lang='lat' dir='ltr'>sape</span> <span class='ocrx_word' id='word_1_225' title='bbox 776 3348 977 3482; x_wconf 44' lang='lat' dir='ltr'>quietqqenun·</span> 
     </span>
    </p>
   </div>
   <div class='ocr_carea' id='block_1_4' title="bbox 0 0 1184 3875">
    <p class='ocr_par' dir='ltr' id='par_1_14' title="bbox 0 0 1184 3875">
     <span class='ocr_line' id='line_1_37' title="bbox 0 0 1184 3875; baseline 0 1"><span class='ocrx_word' id='word_1_226' title='bbox 0 0 1184 3875; x_wconf 95' lang='lat' dir='ltr'> </span> 
     </span>
    </p>
   </div>
  </div>
 </body>
</html>
