2359 3875
235 456 313 525 ¹⁰4·
381 434 422 506 T.
453 434 851 507 Lucum!

231 563 275 619 Ex
289 566 344 619 alto
358 565 425 640 quia
438 563 508 620 dum
521 564 635 621 viniunt
648 564 811 621 intrinsecus
823 577 904 627 orme,

231 643 404 701 Scinduntur
419 664 469 720 per
480 645 532 701 iter
545 646 664 711 flexum3
681 663 731 701 nec
745 644 944 701 rellwviarum
1022 645 1027 692 ζ

234 722 313 781 Ostia
326 724 399 791 sunt,
415 746 470 799 qua
480 725 654 781 contendunt
666 726 743 782 exite
757 727 867 782 coortie.

230 803 274 859 At
285 818 392 869 contra,
408 807 498 861 tennis
513 804 614 861 summi
627 808 786 862 membrana
795 804 903 861 coloris-
956 849 961 856 .
977 827 981 851 ι

233 884 307 939 Cum
313 884 428 958 jacitur,
444 884 516 942 nihil
531 884 578 950 ess,
593 885 670 959 quod
684 907 745 941 eam
757 885 911 961 discerpere
922 883 1019 961 possit-3

233 962 269 1018 In
280 978 416 1039 promptu
430 962 596 1041 quoniam'sl
611 966 641 1021 in
655 967 749 1040 prima
761 964 854 1021 sronte
867 968 967 1021 locam.
1100 982 1104 988 ·

274 1040 428 1112 Poslremo,
441 1046 471 1100 in
485 1044 616 1121 speculis,
631 1046 661 1101 in
675 1067 757 1123 aqua,
772 1045 974 1122 splendoreque
987 1046 1020 1101 in

315 1143 394 1179 omni
826 1171 829 1176 ,
885 1169 888 1176 .
1023 1171 1025 1176 .

233 1204 418 1281 Quaecunque
432 1220 567 1281 apparent
576 1207 657 1262 nobis
670 1207 824 1270 simulacre,
836 1200 984 1275 necessest.
1003 1215 1006 1224 '

232 1284 470 1360 Quandoquidem
483 1286 565 1342 fimili
580 1286 669 1361 specie
682 1288 745 1342 suut
759 1287 875 1361 prediti
888 1304 997 1351 rernm,

232 1362 292 1420 Esse
306 1367 335 1421 in
347 1366 519 1441 imaginibus
531 1365 615 1421 miffis
627 1366 767 1423 consistere
776 1386 886 1421 eorum.
1018 1381 1020 1386 '

232 1445 318 1511 Nam,
334 1466 385 1501 cur
397 1446 445 1503 illa
457 1446 557 1502 cadant
566 1448 662 1522 magis,
678 1448 713 1502 ab
727 1445 859 1521 rebusque
872 1444 1005 1501 recedam
1022 1457 1025 1462 '

233 1524 430 1599 Corpora‚‘res
443 1528 538 1581 multae
551 1547 613 1601 quae
627 1530 745 1582 mittunt
757 1545 874 1601 corpore
887 1540 999 1600 aperto,
1019 1535 1021 1542 '

232 1604 329 1680 Quam
343 1625 403 1680 quae
417 1607 510 1662 tenuia
523 1606 597 1673 sunt,
608 1605 731 1662 hiscendi
739 1602 766 1661 'sl
779 1608 858 1661 nulla
873 1604 1004 1682 potestas·

276 1684 348 1739 Sunt
358 1685 448 1759 igitur
458 1700 552 1741 tenues
565 1685 731 1752 formarum,
742 1685 951 1760 consmilesque

233 1760 348 1840 Effigiae‚
364 1764 522 1841 fingillaiim
536 1786 604 1842 quas
615 1786 723 1823 cernere
735 1785 819 1821 nemo

234 1844 308 1900 Cum
322 1843 420 1920 possiti
439 1861 528 1902 tamen
540 1845 657 1913 affiduo,
669 1847 822 1922 crebroque
835 1844 950 1920 repulsu

233 1923 360 2003 Rejellae‚
375 1924 498 1983 reddunt
507 1926 686 2003 speculorum
697 1947 730 1982 ex
741 1944 849 2000 aequore
862 1924 972 1985 visumt

233 2006 292 2062 Nec
302 2006 476 2064 ratiunculia
489 2007 591 2064 servari
605 2006 681 2083 polle
694 2007 827 2062 videntur

231 2085 403 2164 Tantopere‚
419 2103 450 2144 ut
463 2088 561 2144 similes
575 2088 727 2145 reddantur
739 2087 862 2162 quoique
876 2087 986 2165 figurae.

275 2168 361 2223 Nunc
374 2187 433 2242 age,
445 2188 529 2242 quam
544 2168 621 2224 tenui
635 2183 735 2223 natura
747 2165 848 2223 constet
857 2164 961 2243 imago,

233 2247 365 2323 Perqipe:
379 2262 405 2302 et
418 2247 559 2323 imprimis
570 2250 707 2321 quoniam
723 2246 879 2322 primordia
889 2262 999 2303 tantum

232 2328 304 2384 Sunt
316 2326 390 2382 infra
402 2325 508 2382 nostros
518 2327 624 2392 sensum
641 2343 772 2402 tantoque
784 2327 905 2391 minora,

233 2410 329 2483 Quam
338 2426 399 2481 quae
408 2407 535 2481 primum
549 2409 624 2465 oculi
638 2423 827 2482 coeptantnon
837 2406 913 2482 posse
927 2408 1014 2464 tueri.

231 2488 316 2544 Nunc
330 2501 422 2544 tamen
436 2485 467 2542 id
476 2505 587 2563 quoque
600 2487 643 2544 uti
656 2488 832 2554 confirmem,
846 2487 960 2545 exordia
973 2507 1018 2544 re·

312 2588 378 2625 rum
896 2608 898 2613 ,

232 2647 402 2706 Cunllarum
416 2668 500 2724 quam
512 2649 567 2717 lint
577 2649 702 2714 subtilia,
717 2647 829 2724 percipe
842 2646 950 2723 paucis.

273 2729 405 2787 Primum
424 2730 556 2787 animalia
568 2730 632 2787 sunt
639 2733 700 2808 jam
718 2729 820 2804 partim
834 2729 952 2795 tantula,
967 2739 1015 2786 ω’·

250 2840 253 2844 ·
309 2807 375 2868 euin
880 2866 882 2874 ,

228 2889 325 2946 Tertia
337 2911 401 2966 pars
414 2893 491 2947 nulla
503 2905 534 2945 ut
547 2889 627 2964 poflit
640 2891 747 2946 ratione
759 2889 864 2945 videri.

228 2969 512 3028 Horuminteslinum
519 2970 650 3043 quodvis,
658 2971 740 3045 quale
747 2968 797 3025 esse
806 2965 1016 3044 putandum'sl?

229 3048 333 3126 Quid?
347 3051 438 3107 cordis
452 3050 561 3127 globus,
576 3066 624 3106 aut
636 3049 734 3107 oculi?
755 3049 845 3124 quid?
863 3050 1015 3108 membra?

311 3131 403 3205 quid?
417 3130 513 3188 artus?

228 3213 374 3290 Quantula
393 3212 477 3270 sunt?
497 3212 589 3289 quid?
609 3226 739 3289 praeterea
759 3211 915 3288 primordia
934 3232 1018 3287 que«
1097 3232 1102 3246 ·

329 3313 374 3361 ue,

227 3313 419 3446 Undeitnima,
427 3371 602 3453 atqueauimi
609 3373 710 3434 conslet
717 3369 1019 3508 natura,nece[lspn1'sli

937 3471 1009 3508 onne
