2359 3875
205 460 267 528 13²
351 430 853 507 'KLUCRETII

198 561 313 629 tVinxin
328 576 359 622 ut
374 563 404 619 in
417 564 519 623 vinclis
527 565 726 623 communibus
734 560 952 623 excrucientur?

199 642 233 695 ln
248 644 407 702 triviisnon
422 643 490 720 supe
503 664 582 702 canes
591 645 726 701 discedere
735 659 858 712 aventes,
913 687 915 692 -
972 669 978 679 ·

198 721 308 778 Divorli
322 724 423 799 cupide
436 725 549 780 summis
562 744 597 780 ex
610 721 715 782 viribu'
730 725 859 789 tendunt,

199 803 274 857 Cum
284 801 390 866 interea
400 804 500 860 validis
513 804 631 868 Veneris
644 805 826 881 compagibus
838 803 964 860 haerent?

198 881 286 958 Quod
295 880 576 957 facerentnunquam‚
590 884 641 941 nifi
649 900 746 942 mutua
756 882 980 960 gaudianoffent‚

196 963 270 1035 Quae
280 963 365 1019 lacere
379 965 409 1020 in
421 964 548 1021 fraudem
562 963 680 1039 pollent,
695 963 852 1039 vindosque
866 976 969 1020 tenere.

198 1043 295 1117 Quare
310 1043 391 1100 etiam
413 1058 495 1121 atque
517 1045 612 1111 etiam,
627 1060 659 1101 ut
671 1044 748 1111 dico,
770 1043 805 1100 est
825 1038 981 1100 communi'

196 1137 198 1141 ·
323 1126 464 1200 voluptas.

239 1199 277 1259 Et
290 1204 497 1263 commiscendo
509 1225 574 1263 cum
588 1206 678 1262 lemen
690 1205 762 1264 forte
775 1206 856 1263 virile

195 1285 324 1343 Foemina
337 1285 508 1344 commulxit'
521 1286 610 1344 subita
622 1286 664 1353 vi,
679 1285 896 1361 conripuitque;

194 1364 272 1420 Tum
286 1366 384 1421 finiiles
396 1381 518 1423 matrum
531 1382 656 1423 materno
671 1366 772 1423 lemine
786 1366 869 1430 fiunt,

199 1445 241 1502 Ut
255 1446 383 1521 patribus
399 1447 506 1521 patrio:
530 1446 574 1502 sed
585 1465 655 1521 qnos
665 1446 807 1520 utriusque
821 1446 916 1520 ligura

198 1524 259 1582 Effe
272 1524 349 1581 vides
357 1526 476 1601 juxtim,
492 1526 645 1582 miscenteis
658 1528 733 1581 volta
747 1540 908 1601 parentum,

196 1605 325 1679 Corpore
333 1604 367 1659 de
382 1607 484 1680 patrio,
499 1621 526 1661 et
539 1620 665 1662 materno
679 1605 813 1680 sanguine
824 1604 968 1671 crescunt3

171 1741 173 1746 ,
199 1684 309 1740 Semina
321 1676 410 1757 qnom
424 1686 544 1743 Veneris
557 1685 675 1742 stimulis
686 1686 776 1741 excita
789 1704 841 1761 per
853 1701 929 1742 artus

199 1763 292 1820 Obvia
306 1764 434 1822 conflixit
446 1764 607 1842 conspirans
619 1781 733 1822 mutuus
746 1764 841 1833 ardor,

200 1844 235 1898 Et
246 1862 337 1921 neque
346 1860 442 1901 utrum
450 1845 703 1920 superaviteorum,
715 1841 976 1921 necsuperatum'll.

198 1925 245 1980 Fit
258 1944 379 2002 quoque,
394 1941 426 1982 ut
439 1925 577 1983 interdum
589 1926 686 1981 fimiles
700 1924 820 1982 exfillere
832 1947 953 1985 avorum

199 2005 315 2074 Poflint,
325 2020 351 2062 et
364 2005 481 2063 referant
496 2024 667 2082 proavorum
681 2005 749 2082 saepe
762 2006 877 2080 figuras,

199 2087 360 2158 Propterea,
374 2086 440 2160 quia
454 2089 541 2142 multa
554 2086 644 2142 modis
658 2086 816 2161 primonlia
828 2087 927 2144 multis

198 2162 281 2219 Milia
293 2163 342 2219 suo
354 2167 442 2219 celant
457 2168 486 2221 in
500 2183 616 2240 corpore
630 2166 697 2241 saepe
708 2178 845 2241 parentes,

192 2243 272 2318 ,Quae
285 2242 411 2316 patribus
424 2245 641 2319 patres'tradunt
653 2266 668 2300 a
682 2244 766 2319 stirpe
777 2242 911 2320 profedla.

198 2319 271 2376 Inde
285 2321 384 2376 Venus
394 2323 469 2387 varia
482 2322 614 2398 producit
627 2324 694 2380 sorte
709 2324 825 2399 figuras:

197 2401 394 2476 Majorumque
403 2400 484 2459 refert
494 2404 598 2471 voltus,
613 2403 756 2479 vocesque,
772 2403 928 2479 comasque.

198 2479 439 2557 Quandoquidem
447 2481 538 2540 nihilo
552 2485 647 2542 minus
659 2481 717 2540 hac
729 2483 763 2541 de
778 2483 881 2540 lemine
895 2499 971 2543 cerlo

196 2560 293 2627 Fiunt,
309 2580 392 2638 quam
405 2560 497 2632 facies,
509 2577 536 2619 et
544 2582 674 2639 corpora,
689 2562 868 2638 membraque
881 2565 976 2623 nobis.

196 2641 233 2696 Et
247 2641 381 2711 muliebae
393 2642 484 2699 oritur
498 2643 590 2719 patrio
602 2643 637 2699 de
650 2643 753 2699 lemine
764 2643 891 2700 saeclum:

197 2722 386 2798 Malesnoque
395 2742 483 2779 mares
495 2721 626 2778 exfillunt
639 2742 756 2798 corpore
771 2723 851 2780 creti.

199 2802 314 2876 Semper
324 2802 404 2869 enim
415 2801 634 2877 partus‚duplici
647 2802 682 2858 de
694 2802 796 2858 lemine
807 2801 928 2860 constat:

198 2881 306 2956 Atque,
318 2881 377 2949 utri
384 2880 472 2937 limile
478 2880 513 2937 ell
520 2883 609 2956 magis
621 2881 662 2948 id,
670 2881 980 2958 quodcunquecreatur,

200 2960 267 3036 Ejus
279 2958 361 3026 habet
374 2961 438 3034 plus
450 2976 529 3034 parte
542 2979 632 3050 aqna,
647 2960 723 3036 quod
734 2979 845 3016 comere
858 2960 953 3037 poffiS,

200 3042 265 3096 Sive
278 3037 376 3106 virum,
386 3037 503 3107 suboles,
516 3039 569 3096 five
580 3038 602 3094 st
613 3039 758 3096 muliebris
769 3040 862 3116 origo.

244 3119 304 3174 Nec
311 3116 409 3174 divina
423 3116 510 3175 satum
520 3118 665 3195 genitalem
679 3119 797 3176 numina
810 3121 965 3197 quoiquam

201 3197 374 3264 Absterrent,
389 3212 468 3274 pater
479 3219 495 3254 a
508 3200 581 3255 natis
593 3218 629 3254 ne
641 3198 772 3256 dulcibus
785 3219 912 3274 unquam

201 3277 385 3355 Appelletur,
400 3292 427 3335 et
439 3292 470 3335 ut
484 3277 568 3335 llerili
582 3277 692 3335 Venere
704 3278 796 3355 exigat
808 3301 917 3352 aevum

201 3356 292 3435 Quod
303 3355 435 3434 plerique>
442 3371 554 3436 potant,
569 3370 597 3414 et
608 3358 697 3415 multo
711 3358 845 3436 sanguine
856 3359 947 3428 moesti

905 3440 983 3498 Con·
