2359 3875
328 446 531 516 irruit
574 444 875 544 quimus,
956 463 1018 536 ¹43

236 574 421 644 Demiuuunt‚
436 577 572 653 radiisque
586 593 710 633 retexens
724 576 851 634 atherius
866 577 924 642 sol;

237 655 337 714 Partim
351 657 428 734 quod
443 658 533 713 subter
546 676 596 733 per
610 673 692 713 terras
701 658 813 713 diditur
824 657 945 713 omneis.

235 734 395 793 Percolatur
407 738 482 794 enim
496 740 583 805 virus,
601 752 729 813 retroque
743 751 867 793 remanat

192 822 200 844 ⁴
233 815 361 874 Materies
372 815 511 882 humoris,
526 817 602 874 etad
616 832 699 891 caput
711 817 841 873 amnibus
855 815 949 872 omnis

234 895 389 962 Convenit·‚
408 897 474 953 inde
488 898 569 975 super
582 913 666 953 tarrae
679 897 744 954 fluit
754 899 866 973 agmine
877 893 964 960 dulei,

235 977 298 1053 Qua
312 978 359 1034 via
372 977 438 1034 sedla
452 978 532 1034 semel
545 978 655 1053 liquido
671 967 741 1054 pede
754 977 854 1033 detulit
867 975 967 1033 undas.

271 1056 349 1114 Aera
358 1078 435 1114 nunc
448 1058 537 1134 igitur
547 1058 649 1124 dicam,
664 1057 715 1131 qui
728 1076 845 1132 corpore
860 1071 919 1113 toto

234 1134 481 1193 innumerabiliter
495 1138 590 1214 privar
603 1152 728 1193 mutatur
740 1137 769 1193 in
785 1136 878 1192 horas.

233 1216 343 1293 Semper
355 1219 431 1273 enim
444 1219 633 1293 quodcunque
646 1218 710 1274 fluit
719 1218 753 1272 de
764 1218 856 1286 rebus,
872 1215 901 1272 id
915 1235 997 1272 omne

234 1298 312 1353 Aeris
327 1299 358 1355 iu
372 1318 504 1373 magnum
518 1297 607 1353 fertur
618 1316 710 1353 mare:
725 1298 775 1371 qui
789 1297 840 1352 nifi
854 1312 951 1351 contra

233 1378 360 1452 Corpora
374 1380 509 1434 retribuat
522 1380 615 1445 rebus,
627 1392 782 1453 recreetque
795 1376 933 1440 sluenteis,

233 1456 336 1512 Omnia
345 1460 405 1532 jam
419 1458 652 1519 resoluta-lorent,
668 1458 734 1512 etin
748 1477 809 1512 aera
822 1454 908 1512 versa.

233 1535 314 1593 Haud
327 1540 417 1615 igitur
426 1536 506 1594 ccssat
519 1538 597 1614 gigni
612 1538 646 1593 de
656 1539 748 1601 rebus,
764 1552 789 1592 et
801 1536 830 1592 in
846 1556 888 1591 rer

233 1617 367 1674 Recidere
379 1618 489 1685 assidue,
504 1619 639 1693 quoniam
651 1619 737 1674 liuere
750 1617 844 1672 omnia
854 1613 967 1672 conflat.

271 1698 381 1775 Largus
395 1701 461 1755 item
475 1695 579 1771 liquidi
593 1697 654 1753 sons
667 1696 794 1763 luminis,
811 1694 937 1753 atherius
951 1694 990 1752 sol

233 1776 341 1855 inrigat
354 1779 455 1836 assidue
469 1781 567 1835 eoelum
580 1777 700 1833 candore
713 1777 828 1842 recenti,

233 1858 449 1936 suppeditatque
462 1877 537 1917 novo
549 1857 691 1915 confestim
702 1858 807 1914 lumine
820 1858 927 1913 lumen.

232 1939 302 1996 Nam
315 1942 443 2018 primum
456 1940 592 2015 quiequid
612 1936 730 2015 fulgoris
742 1938 858 2015 disperit
871 1939 918 2014 eij,

232 2020 408 2098 Quocunque
420 2020 534 2078 occidite
558 2019 588 2076 id
601 2021 665 2076 licet
679 2020 746 2079 hinc
768 2017 931 2094 cognoscere
946 2015 1009 2092 pos·

310 2103 354 2168 sis,

234 2184 319 2260 Quod
333 2184 411 2239 simul
424 2200 455 2238 ac
468 2182 594 2256 primum
602 2180 690 2235 nubes
700 2176 839 2234 succedere
853 2177 905 2232 soli

232 2264 357 2339 Coepere,
372 2279 399 2317 et
411 2262 503 2317 radios
515 2261 588 2316 inter
600 2258 675 2333 quasi
690 2275 818 2334 rumpere
830 2258 912 2321 lucis,

232 2342 378 2419 Extemplo
388 2340 507 2397 inferior
519 2358 584 2416 pars
594 2337 695 2394 horum
705 2336 822 2415 disperit
835 2337 937 2402 omnis,

230 2421 368 2498 Terraque
378 2422 568 2486 inumbratur,
582 2438 639 2495 qua
648 2419 739 2474 nimbi
748 2437 858 2493 cunque
867 2415 1008 2481 serunturr

233 2501 270 2560 Ut
281 2504 375 2560 noscat
388 2500 533 2576 splendore
545 2518 622 2554 novo
632 2518 675 2554 res
687 2498 795 2574 semper
806 2516 895 2575 egere,

231 2582 264 2638 Et
277 2582 401 2660 primum
409 2580 515 2657 jardum
529 2577 647 2655 fulgoris
659 2597 799 2652 quemque
813 2578 917 2651 perire,

230 2662 286 2720 Nec
301 2661 409 2719 ratione
418 2661 472 2716 alia
485 2679 527 2717 res
541 2658 615 2735 posse
625 2659 657 2713 in
670 2657 724 2713 sole
736 2656 841 2722 videri,

231 2741 368 2819 Perpetuo
381 2741 411 2796 ni
425 2739 585 2818 suppeditet
596 2739 665 2794 lucis
677 2751 762 2814 caput
772 2735 880 2813 ipsum.

272 2823 451 2898 Quinetiam
466 2818 601 2876 nosiuma
616 2818 678 2886 tibi,
695 2816 829 2874 terrestria
840 2836 902 2890 quae
916 2816 991 2883 sunt,

231 2900 362 2966 Lumina,
375 2899 527 2977 pendentes
535 2896 650 2976 lychni,
662 2899 797 2974 elaraeque
810 2897 931 2956 coruscis

230 2982 396 3060 Frigoribus
412 2980 530 3056 pingues
543 2980 630 3035 multa
640 2979 758 3055 caligine
772 2979 850 3044 tedae,

231 3061 378 3120 Consimili
394 3073 546 3137 properant
558 3058 676 3124 ratione,
690 3059 790 3114 ardore
801 3057 941 3125 ministro,

228 3141 409 3221 suppeditare
415 3160 523 3196 novum
533 3141 639 3204 lumen,
648 3138 881 3213 tremercignibus
892 3139 1004 3206 inslantr

231 3220 345 3284 instant,
359 3241 410 3277 nec
424 3224 482 3276 loca
494 3220 545 3277 lux
555 3220 711 3294 interquasi
726 3233 809 3292 rupta
823 3218 975 3294 relinquit:

230 3300 390 3378 Usqueadeb
402 3314 585 3376 properanter
597 3300 631 3354 ab
644 3299 776 3356 omnibns
784 3296 898 3372 ignibus
911 3301 970 3378 ejus

232 3381 454 3451 Exitiumeeleri
468 3381 600 3439 toleratur
612 3379 724 3516 pqrigine
738 3377 865 3437 flemma.
969 3455 996 3513 S

653 3475 669 3521 2
993 3475 1024 3512 tc
