2359 3875
193 423 241 492 30
347 391 836 472 :rationarii

208 526 269 582 Nec
283 536 370 588 mare,
384 544 434 585 neu
447 523 540 589 tellus,
552 543 603 579 nec
617 525 677 579 coeli
692 524 784 579 lucida
800 523 916 597 tempta,
955 543 962 563 ¹

205 605 264 661 Nec
277 606 393 660 mortale
407 622 503 679 genus,
518 623 568 659 nec
581 603 691 660 Divum
704 623 823 679 corpora
835 599 925 658 saneta

205 685 356 762 Exiguum
363 682 471 763 pollent
483 682 568 744 horai
576 682 662 739 sislere
674 699 792 776 tempus

205 766 279 820 Nam
290 759 413 838 dispulsa
425 764 474 819 suo
488 762 522 819 de
535 778 608 819 coetu
618 764 743 819 materiai

207 845 300 920 Copia
311 842 427 899 serretur
441 864 574 919 magnum
591 864 641 918 per
650 845 733 900 inane
744 844 841 908 soluta,

205 925 269 981 Sive
282 923 348 979 adeo
360 924 453 999 potius
465 943 610 997 nunquam
623 939 749 979 concreta
760 924 870 979 creasset

132 1058 135 1063 .
204 1004 299 1062 Ullam
313 1024 381 1069 rem,
396 1004 530 1078 quoniam
543 1004 606 1078 cogi
619 1003 728 1080 disjesla
739 1002 887 1077 nequisset.

250 1086 327 1141 Nam
340 1099 411 1140 certe
424 1103 514 1158 neque
527 1084 640 1141 confilio
655 1084 811 1159 primordia
821 1104 917 1143 rerum

204 1164 316 1222 Ordine
330 1164 355 1219 se
368 1185 495 1240 quaque,
510 1179 592 1238 atque
605 1164 692 1239 sagaci
707 1180 797 1220 mente
812 1168 957 1230 locarunt;
971 1217 973 1224 .

203 1248 262 1303 Nec
276 1253 345 1320 quos
355 1255 473 1321 quaque
487 1246 583 1302 darent
591 1261 683 1306 motus
696 1246 827 1321 pepigere
839 1243 979 1318 ptoleslot

203 1327 256 1383 Sed
269 1326 334 1400 quia
346 1326 533 1391 multimodis,
549 1326 657 1390 multis,
673 1341 789 1393 mutata,
805 1346 856 1401 per
868 1346 952 1385 omne

205 1409 250 1463 Ex
263 1408 375 1463 infinito
388 1423 525 1463 vexantur
537 1406 752 1481 percitaplagis,

204 1488 300 1544 Omne
316 1506 400 1561 genus
413 1502 514 1552 motus,
529 1503 555 1542 et
569 1501 653 1542 coetus
665 1486 851 1561 experiundo,
883 1518 885 1566 3

201 1568 329 1623 Tandem
346 1567 536 1624 deveniuntiu
552 1566 830 1642 taleisdispoliturar‚
906 1605 912 1613 -

205 1648 344 1723 Qualibus
358 1646 413 1703 hac
427 1648 507 1703 rebus
519 1646 636 1703 consissit
649 1647 753 1703 summa
766 1664 871 1705 creata:

203 1728 239 1784 Et
250 1730 353 1783 multos
365 1729 453 1783 etiam-
462 1747 576 1803 magnos
590 1727 694 1783 servata
707 1747 758 1803 per
770 1748 869 1794 annos,

203 1809 245 1865 Ut
254 1808 334 1864 semel
348 1809 377 1863 in
391 1822 485 1865 motus
498 1803 651 1884 conjrsla'sl
665 1809 882 1872 convenientem,
945 1868 947 1871 ,

202 1886 306 1955 Efficit,
322 1904 353 1945 ut
362 1889 449 1965 largis
462 1889 577 1947 avidum
589 1908 664 1944 mare
674 1888 800 1948 fluminis
813 1888 897 1945 undis

202 1971 347 2046 Integrent
359 1989 464 2036 amnes,
480 1986 505 2026 et
518 1970 583 2027 solis
596 1985 667 2029 terra
680 1989 783 2045 vapore

202 2051 271 2106 Fota
283 2066 366 2106 novet
379 2049 469 2142 foetus,
485 2048 679 2124 summissaque
693 2070 758 2125 gens
771 2051 947 2108 animantum

203 2131 321 2196 Floreat,
335 2146 361 2187 et
373 2133 470 2191 vivant
483 2132 612 2189 labentes
621 2129 747 2189 aetheris
741 2149 830 2204 ignes.

203 2211 291 2286 Quod
305 2213 384 2266 nullo
398 2210 518 2268 facerent
530 2209 621 2285 pallo,
635 2210 686 2267 uili
700 2211 826 2271 materiai

203 2291 248 2345 Ex
261 2282 375 2345 infinito
389 2291 509 2347 suboriri
522 2290 603 2365 copia
618 2289 716 2381 pollet

203 2368 288 2426 Unde
302 2369 393 2426 amissa
407 2370 492 2427 solent
504 2370 627 2444 reparari
638 2371 668 2425 in
683 2385 806 2446 tempore
815 2390 939 2446 quoque.

245 2449 319 2505 Nam
331 2450 419 2513 veluti
432 2450 540 2526 privata
553 2450 616 2505 cibo
628 2465 726 2510 natura
738 2452 914 2509 animantum

201 2527 316 2592 Diffluit
328 2531 455 2586 amittens
465 2550 582 2605 corpus3
608 2530 642 2585 sic
655 2532 749 2587 omnia
762 2531 864 2587 debent

202 2607 333 2674 Dissolvi,
350 2610 430 2672 simul
443 2631 474 2667 ac
487 2610 588 2667 defecit
602 2609 780 2686 suppeditare

202 2689 332 2746 Materies
347 2689 415 2753 retra
426 2691 537 2765 regione
550 2690 639 2747 aversa
652 2691 719 2746 viai.

244 2771 303 2824 Nec
316 2771 406 2846 Plagae
414 2770 521 2845 possent
535 2770 704 2826 extrinsecus
717 2769 842 2843 undique
851 2770 990 2829 summam

202 2849 372 2910 Conservam
383 2869 506 2914 omnem,
522 2846 724 2923 quacunque'st
733 2851 890 2907 conciliata.

202 2928 312 2992 Cadere
325 2929 401 2985 enim
415 2930 510 2993 crebro
523 2928 646 3004 possunt,
662 2946 822 3005 partemque
835 2931 952 2997 morari,

202 3009 280 3063 Dum
293 3008 406 3063 veniant
419 3010 488 3074 alia,
503 3022 538 3064 ac
549 3009 673 3092 suppleri
687 3010 795 3068 summa
805 3028 938 3084 queatur.

204 3089 350 3143 Interdum
365 3089 464 3144 resilire
478 3103 579 3144 tamen
582 3105 735 3164 coguntur,
749 3104 775 3145 et
789 3110 844 3146 una

150 3234 159 3246 ἱ
201 3167 353 3242 Principiis
367 3188 460 3229 rerum
474 3169 605 3244 spatium,
621 3170 783 3245 tempusque
795 3169 872 3246 fugai

175 3247 325 3324 largiri,
339 3263 371 3305 ut
384 3249 485 3326 poffint
496 3270 512 3306 a
524 3264 596 3306 coetu
608 3249 695 3306 libera
703 3248 782 3307 serti:

205 3330 302 3406 Qpare
315 3329 397 3387 etiam
411 3345 492 3407 atque
504 3330 587 3389 etiam
600 3328 717 3389 suboriri
726 3324 966 3391 multanecesse'st

939 3411 983 3487 ¹Et
