2359 3875
243 429 449 503 ιιιιιιι
496 425 793 526 norimus,
883 447 948 514 uo

163 563 290 637 Namque
302 560 379 617 aliud
391 558 536 636 putrescit,
549 573 576 615 et
589 578 648 615 aevo
664 557 756 613 debile
763 558 893 636 languere

164 642 249 698 Porro
259 640 334 696 aliud
348 639 506 706 concrescit,
522 655 548 695 et
560 638 768 695 econtemtibus
782 637 849 693 exit.

164 722 205 777 Sic
216 720 305 796 igitur
317 720 418 775 mundi
429 730 556 776 naturam
570 719 655 775 totius
669 733 731 773 aetas

162 802 264 863 Mutat,
280 815 307 854 et
320 820 354 855 ex
364 800 419 855 alio
432 814 533 854 terram
547 799 629 856 status
639 798 834 873 excipitalter‚
904 813 907 820 ·

162 880 248 957 Quod
258 880 361 956 potuit,
371 894 503 955 nequeam
521 879 614 955 poisat,
628 877 706 953 quod
715 896 773 933 nou
788 876 937 934 rulitante.

205 960 353 1035 Multaque
367 974 427 1015 turn
442 960 520 1015 tellus
533 960 616 1014 etiam
630 971 756 1032 portenta
769 975 861 1012 creare

163 1036 317 1104 Commii,
328 1040 399 1095 mira
412 1038 491 1104 facie,
504 1038 689 1112 membrisque
702 1051 807 1104 coorta,

164 1117 401 1196 (Androgynum
395 1133 467 1173 mter
476 1134 580 1184 utrum,
594 1139 643 1174 nec
655 1134 804 1192 utrumque
816 1130 842 1172 et
856 1117 947 1175 utrin-

292 1219 346 1273 que
359 1200 504 1271 remotum)

163 1278 243 1336 Orba
257 1279 360 1353 pedum
371 1279 483 1353 partim,
501 1297 634 1333 manuum
648 1277 759 1332 viduata
770 1272 897 1341 viciffim‚

162 1359 258 1414 Multa
273 1359 325 1413 fine
336 1378 382 1414 ore
396 1358 490 1424 etiam,
506 1359 560 1413 fine
570 1360 648 1412 voltu
662 1377 732 1411 caeca
746 1370 862 1432 reperta,

164 1437 323 1511 Viniiaque
337 1440 524 1496 membrorum
539 1458 588 1512 per
599 1451 689 1492 totum
704 1454 806 1511 corpus
818 1432 942 1501 adhaesura

162 1516 313 1574 Necfacere
322 1517 632 1592 utpoffentq'uiequam,
644 1536 693 1572 nec
701 1515 956 1591 eaderequoquam‚

162 1597 221 1653 Nec
235 1595 445 1674 vitaressmalum
461 1617 511 1654 nee
523 1597 629 1653 sumere
642 1597 719 1672 quod
733 1594 801 1651 foret
814 1594 889 1651 usus.

163 1680 269 1733 Caetera
278 1676 311 1732 de
325 1696 419 1752 genere
432 1676 484 1733 hoc
499 1676 630 1743 monstra,
642 1696 672 1732 ac
678 1690 807 1752 portenta
819 1674 943 1732 creabatt

164 1758 372 1832 Nequicquam3
396 1756 530 1832 quoniam
542 1772 639 1812 natura
649 1756 794 1813 absterruit
807 1753 946 1814 aussumc'

163 1838 222 1893 Nec
237 1852 352 1913 potuere
364 1838 492 1911 cupitum
506 1839 591 1893 atatis
605 1852 714 1912 tangere
724 1836 829 1904 florem,

163 1918 222 1974 Nec
235 1918 356 1994 reperire
369 1916 474 1984 cibum,
489 1936 540 1973 nec
546 1918 631 1993 jungi
644 1934 695 1993 per
707 1916 825 1973 Veneris
839 1934 893 1973 res.

164 1999 256 2054 Multa
269 1997 397 2052 videmus
409 1999 484 2052 enim
496 1999 577 2052 rebus
590 2016 756 2052 concurrere
767 1997 878 2061 debere,
955 2042 957 2046 .

165 2079 206 2134 Ut
221 2077 402 2153 propagando
416 2076 516 2153 poffint
529 2076 684 2152 producere
698 2075 784 2131 saecla.
877 2130 879 2134 .

165 2159 272 2214 Pabula
283 2159 408 2233 primum
421 2172 452 2213 ut
463 2156 524 2223 fine,
540 2156 671 2231 genitalia
683 2155 782 2210 deinde
793 2174 844 2230 per
852 2167 927 2211 artur

169 2239 288 2295 Semina
291 2256 353 2311 quae
366 2236 467 2313 poffint
481 2238 613 2291 membris
627 2255 738 2291 manare
752 2233 880 2292 remiffis·
956 2234 958 2240 ’

166 2317 344 2391 Foeminaque
358 2332 388 2372 ut
400 2317 521 2372 maribus
528 2318 661 2394 conjungi
654 2315 765 2392 onffia
777 2311 937 2372 habendum

166 2399 267 2454 Mutua
279 2396 356 2469 queis
365 2395 495 2452 nefiant
487 2412 561 2452 mter
573 2396 597 2451 se
611 2396 720 2471 gaudia,
744 2396 879 2470 utrisque.

209 2477 353 2550 Multaque
377 2491 437 2532 tum
455 2475 588 2533 interiisse
611 2476 787 2536 animantum
801 2475 875 2534 saecla
896 2493 946 2532 ne·

292 2551 406 2622 ceffessst

166 2637 225 2691 Nee
238 2633 356 2711 potuisse
366 2635 548 2713 propagando
563 2637 716 2712 procudere
730 2637 852 2714 prolem.

167 2717 241 2773 Nam
253 2735 422 2790 quacunque
435 2716 511 2774 vides
526 2717 594 2772 vesci
605 2718 736 2773 vitalibus
747 2717 834 2783 auris,

168 2799 230 2852 Aut
239 2797 330 2862 dolus,
342 2812 390 2860 aut
403 2797 503 2864 virtus,
518 2813 566 2853 aut
579 2797 698 2873 denique
707 2797 846 2854 mobilitas
859 2793 896 2852 est

168 2876 331 2932 Exineunte
343 2895 401 2932 aevo
411 2895 496 2951 genus
510 2877 540 2932 id
554 2892 640 2934 tutata
650 2877 800 2935 reservans.

167 2955 313 3030 Multaque
324 2955 399 3021 suut,
411 2956 492 3012 nobis
506 2976 540 3012 ex
553 2958 673 3014 utilitate
686 2958 731 3014 sua
742 2978 804 3034 quoe

167 3036 367 3091 Commendata
376 3051 488 3091 manent
499 3040 588 3094 tutela
601 3038 701 3095 tradita
710 3038 819 3094 noiirae

168 3115 327 3190 Principi0‚
344 3135 428 3190 genus
439 3136 499 3172 acre
513 3119 636 3185 leonum,
649 3119 769 3192 saevaque
781 3118 859 3175 saecla

169 3191 283 3251 ΤιιιιιιιιΙ
288 3193 417 3261 stvirrue,
433 3197 543 3272 vulpeis
556 3198 647 3265 dolus,
662 3213 687 3254 et
697 3197 762 3274 fuga
771 3217 878 3256 cervos

169 3276 212 3330 At
223 3274 372 3332 levisomna
383 3293 483 3332 canum
496 3276 553 3334 fido
563 3297 628 3335 cum
641 3276 751 3354 peciore
765 3279 859 3347 eorda,

173 3353 304 3443 Ergenue
315 3374 408 3443 omne,
423 3356 550 3435 quodess
564 3358 687 3422 veterino
697 3356 798 3423 semine
807 3372 955 3498 pagum*

872 3459 955 3518 ΜΨ
