<?xml version="1.0" encoding="UTF-8"?>
<!DOCTYPE html PUBLIC "-//W3C//DTD XHTML 1.0 Transitional//EN"
    "http://www.w3.org/TR/xhtml1/DTD/xhtml1-transitional.dtd">
<html xmlns="http://www.w3.org/1999/xhtml" xml:lang="en" lang="en">
 <head>
  <title>
</title>
<meta http-equiv="Content-Type" content="text/html;charset=utf-8" />
  <meta name='ocr-system' content='tesseract 3.04.00' />
  <meta name='ocr-capabilities' content='ocr_page ocr_carea ocr_par ocr_line ocrx_word'/>
</head>
<body>
  <div class='ocr_page' id='page_1' title='image "./titilucretiicar03carugoog_0165.png"; bbox 0 0 2359 3875; ppageno 0'>
   <div class='ocr_carea' id='block_1_1' title="bbox 237 384 928 513">
    <p class='ocr_par' dir='ltr' id='par_1_1' title="bbox 237 384 928 513">
     <span class='ocr_line' id='line_1_1' title="bbox 237 384 928 513; baseline -0.007 -30"><span class='ocrx_word' id='word_1_1' title='bbox 237 413 445 485; x_wconf 72' lang='lat' dir='ltr'>einer</span> <span class='ocrx_word' id='word_1_2' title='bbox 478 384 808 513; x_wconf 58' lang='lat' dir='ltr'>quimus(</span> <span class='ocrx_word' id='word_1_3' title='bbox 865 432 928 503; x_wconf 69' lang='lat'>157</span> 
     </span>
    </p>
   </div>
   <div class='ocr_carea' id='block_1_2' title="bbox 141 539 962 3432">
    <p class='ocr_par' dir='ltr' id='par_1_2' title="bbox 144 539 933 702">
     <span class='ocr_line' id='line_1_2' title="bbox 144 539 933 619; baseline -0.001 -18"><span class='ocrx_word' id='word_1_4' title='bbox 144 546 222 601; x_wconf 90' lang='lat' dir='ltr'>Cum</span> <span class='ocrx_word' id='word_1_5' title='bbox 237 545 298 602; x_wconf 85' lang='lat' dir='ltr'>loca</span> <span class='ocrx_word' id='word_1_6' title='bbox 312 544 448 619; x_wconf 81' lang='lat' dir='ltr'>praeteriit</span> <span class='ocrx_word' id='word_1_7' title='bbox 458 542 577 600; x_wconf 80' lang='lat' dir='ltr'>flammis</span> <span class='ocrx_word' id='word_1_8' title='bbox 590 539 686 598; x_wconf 80' lang='lat' dir='ltr'>infesta</span> <span class='ocrx_word' id='word_1_9' title='bbox 699 556 852 615; x_wconf 65' lang='lat' dir='ltr'>perituras,</span> <span class='ocrx_word' id='word_1_10' title='bbox 931 553 933 558; x_wconf 90' lang='lat'>&#39;</span> 
     </span>
     <span class='ocr_line' id='line_1_3' title="bbox 144 616 849 702; baseline -0.003 -23"><span class='ocrx_word' id='word_1_11' title='bbox 144 628 218 702; x_wconf 73' lang='lat' dir='ltr'>Quae</span> <span class='ocrx_word' id='word_1_12' title='bbox 228 616 337 684; x_wconf 79' lang='lat' dir='ltr'>faciunt</span> <span class='ocrx_word' id='word_1_13' title='bbox 349 624 440 700; x_wconf 83' lang='lat' dir='ltr'>igneis</span> <span class='ocrx_word' id='word_1_14' title='bbox 453 621 629 698; x_wconf 79' lang='lat' dir='ltr'>interstingui</span> <span class='ocrx_word' id='word_1_15' title='bbox 642 636 723 695; x_wconf 89' lang='lat' dir='ltr'>atque</span> <span class='ocrx_word' id='word_1_16' title='bbox 737 617 849 695; x_wconf 81' lang='lat' dir='ltr'>perire?</span> 
     </span>
    </p>

    <p class='ocr_par' dir='ltr' id='par_1_3' title="bbox 141 699 877 1101">
     <span class='ocr_line' id='line_1_4' title="bbox 144 699 785 779; baseline -0.008 -19"><span class='ocrx_word' id='word_1_17' title='bbox 144 706 181 760; x_wconf 85' lang='lat' dir='ltr'>Et</span> <span class='ocrx_word' id='word_1_18' title='bbox 194 726 245 775; x_wconf 72' lang='lat' dir='ltr'>eur</span> <span class='ocrx_word' id='word_1_19' title='bbox 259 720 330 761; x_wconf 85' lang='lat' dir='ltr'>terra</span> <span class='ocrx_word' id='word_1_20' title='bbox 338 719 421 779; x_wconf 85' lang='lat' dir='ltr'>queat</span> <span class='ocrx_word' id='word_1_21' title='bbox 433 706 528 761; x_wconf 78' lang='lat' dir='ltr'>lunam</span> <span class='ocrx_word' id='word_1_22' title='bbox 542 703 659 778; x_wconf 86' lang='lat' dir='ltr'>spoliare</span> <span class='ocrx_word' id='word_1_23' title='bbox 671 699 785 758; x_wconf 85' lang='lat' dir='ltr'>vicillim</span> 
     </span>
     <span class='ocr_line' id='line_1_5' title="bbox 144 781 867 868; baseline -0.008 -28"><span class='ocrx_word' id='word_1_24' title='bbox 144 785 279 851; x_wconf 81' lang='lat' dir='ltr'><strong>Lumine,</strong></span> <span class='ocrx_word' id='word_1_25' title='bbox 291 800 318 841; x_wconf 88' lang='lat' dir='ltr'>et</span> <span class='ocrx_word' id='word_1_26' title='bbox 329 782 491 868; x_wconf 79' lang='lat' dir='ltr'>opprellutn</span> <span class='ocrx_word' id='word_1_27' title='bbox 505 783 585 840; x_wconf 84' lang='lat' dir='ltr'>solem</span> <span class='ocrx_word' id='word_1_28' title='bbox 599 782 681 858; x_wconf 86' lang='lat' dir='ltr'>super</span> <span class='ocrx_word' id='word_1_29' title='bbox 692 781 751 856; x_wconf 84' lang='lat' dir='ltr'>ipsa</span> <span class='ocrx_word' id='word_1_30' title='bbox 764 796 867 844; x_wconf 82' lang='lat' dir='ltr'>tenere,</span> 
     </span>
     <span class='ocr_line' id='line_1_6' title="bbox 143 861 877 941; baseline -0.008 -21"><span class='ocrx_word' id='word_1_31' title='bbox 143 864 288 922; x_wconf 83' lang='lat' dir='ltr'>Menstrua</span> <span class='ocrx_word' id='word_1_32' title='bbox 300 864 372 922; x_wconf 87' lang='lat' dir='ltr'>dum</span> <span class='ocrx_word' id='word_1_33' title='bbox 385 864 489 941; x_wconf 78' lang='lat' dir='ltr'>rigidas</span> <span class='ocrx_word' id='word_1_34' title='bbox 502 864 568 921; x_wconf 83' lang='lat' dir='ltr'>roni</span> <span class='ocrx_word' id='word_1_35' title='bbox 582 861 736 939; x_wconf 84' lang='lat' dir='ltr'>perlabitur</span> <span class='ocrx_word' id='word_1_36' title='bbox 749 861 877 917; x_wconf 80' lang='lat' dir='ltr'>umbrat:</span> 
     </span>
     <span class='ocr_line' id='line_1_7' title="bbox 141 941 865 1022; baseline -0.011 -20"><span class='ocrx_word' id='word_1_37' title='bbox 141 946 287 1022; x_wconf 83' lang='lat' dir='ltr'>Tempore</span> <span class='ocrx_word' id='word_1_38' title='bbox 299 944 397 1001; x_wconf 88' lang='lat' dir='ltr'>eodem</span> <span class='ocrx_word' id='word_1_39' title='bbox 410 944 487 1001; x_wconf 90' lang='lat' dir='ltr'>aliud</span> <span class='ocrx_word' id='word_1_40' title='bbox 499 957 617 1019; x_wconf 84' lang='lat' dir='ltr'>nequeat</span> <span class='ocrx_word' id='word_1_41' title='bbox 628 943 783 997; x_wconf 83' lang='lat' dir='ltr'>succurrere</span> <span class='ocrx_word' id='word_1_42' title='bbox 792 941 865 996; x_wconf 83' lang='lat' dir='ltr'>lunae</span> 
     </span>
     <span class='ocr_line' id='line_1_8' title="bbox 143 1022 792 1101; baseline -0.003 -21"><span class='ocrx_word' id='word_1_43' title='bbox 143 1026 271 1101; x_wconf 82' lang='lat' dir='ltr'>Corpus,</span> <span class='ocrx_word' id='word_1_44' title='bbox 287 1027 330 1082; x_wconf 90' lang='lat' dir='ltr'>vel</span> <span class='ocrx_word' id='word_1_45' title='bbox 344 1023 443 1100; x_wconf 76' lang='lat' dir='ltr'>lupera</span> <span class='ocrx_word' id='word_1_46' title='bbox 456 1025 519 1084; x_wconf 86' lang='lat' dir='ltr'>solis</span> <span class='ocrx_word' id='word_1_47' title='bbox 533 1023 672 1100; x_wconf 75' lang='lat' dir='ltr'>perlabier</span> <span class='ocrx_word' id='word_1_48' title='bbox 684 1022 792 1088; x_wconf 82' lang='lat' dir='ltr'>orbem.</span> 
     </span>
    </p>

    <p class='ocr_par' dir='ltr' id='par_1_4' title="bbox 144 1098 900 1262">
     <span class='ocr_line' id='line_1_9' title="bbox 148 1098 900 1181; baseline -0.009 -19"><span class='ocrx_word' id='word_1_49' title='bbox 148 1106 239 1181; x_wconf 74' lang='lat' dir='ltr'>Quod</span> <span class='ocrx_word' id='word_1_50' title='bbox 251 1105 346 1163; x_wconf 83' lang='lat' dir='ltr'>radios</span> <span class='ocrx_word' id='word_1_51' title='bbox 359 1106 558 1181; x_wconf 77' lang='lat' dir='ltr'><strong>interrumpat,</strong></span> <span class='ocrx_word' id='word_1_52' title='bbox 574 1107 726 1179; x_wconf 77' lang='lat' dir='ltr'>lumenque</span> <span class='ocrx_word' id='word_1_53' title='bbox 737 1098 900 1178; x_wconf 83' lang='lat' dir='ltr'>profusum?</span> 
     </span>
     <span class='ocr_line' id='line_1_10' title="bbox 144 1183 740 1262; baseline -0.003 -22"><span class='ocrx_word' id='word_1_54' title='bbox 144 1187 182 1240; x_wconf 82' lang='lat' dir='ltr'>Et</span> <span class='ocrx_word' id='word_1_55' title='bbox 195 1202 288 1244; x_wconf 88' lang='lat' dir='ltr'>tamen</span> <span class='ocrx_word' id='word_1_56' title='bbox 303 1185 362 1262; x_wconf 85' lang='lat' dir='ltr'>ipsa</span> <span class='ocrx_word' id='word_1_57' title='bbox 374 1186 423 1242; x_wconf 88' lang='lat' dir='ltr'>suo</span> <span class='ocrx_word' id='word_1_58' title='bbox 437 1185 454 1241; x_wconf 91' lang='lat' dir='ltr'>li</span> <span class='ocrx_word' id='word_1_59' title='bbox 465 1184 547 1261; x_wconf 84' lang='lat' dir='ltr'>fulgit</span> <span class='ocrx_word' id='word_1_60' title='bbox 557 1187 624 1242; x_wconf 86' lang='lat' dir='ltr'>l&#39;una</span> <span class='ocrx_word' id='word_1_61' title='bbox 637 1183 740 1257; x_wconf 70' lang='lat' dir='ltr'>nitorq.</span> 
     </span>
    </p>

    <p class='ocr_par' dir='ltr' id='par_1_5' title="bbox 143 1263 902 1421">
     <span class='ocr_line' id='line_1_11' title="bbox 144 1263 902 1341; baseline -0.005 -20"><span class='ocrx_word' id='word_1_62' title='bbox 144 1267 205 1321; x_wconf 84' lang='lat' dir='ltr'>Cur</span> <span class='ocrx_word' id='word_1_63' title='bbox 218 1280 339 1339; x_wconf 83' lang='lat' dir='ltr'>nequeat</span> <span class='ocrx_word' id='word_1_64' title='bbox 350 1281 422 1322; x_wconf 85' lang='lat' dir='ltr'>certa</span> <span class='ocrx_word' id='word_1_65' title='bbox 430 1266 531 1323; x_wconf 84' lang='lat' dir='ltr'>mundi</span> <span class='ocrx_word' id='word_1_66' title='bbox 539 1263 712 1341; x_wconf 85' lang='lat' dir='ltr'>languescere</span> <span class='ocrx_word' id='word_1_67' title='bbox 721 1277 810 1338; x_wconf 83' lang='lat' dir='ltr'>parte,</span> <span class='ocrx_word' id='word_1_68' title='bbox 899 1294 902 1299; x_wconf 97' lang='lat'>-</span> 
     </span>
     <span class='ocr_line' id='line_1_12' title="bbox 143 1338 889 1421; baseline -0.009 -19"><span class='ocrx_word' id='word_1_69' title='bbox 143 1346 224 1402; x_wconf 86' lang='lat' dir='ltr'>Dum</span> <span class='ocrx_word' id='word_1_70' title='bbox 236 1348 299 1402; x_wconf 89' lang='lat' dir='ltr'>loca</span> <span class='ocrx_word' id='word_1_71' title='bbox 312 1346 466 1402; x_wconf 74' lang='lat' dir='ltr'>luminibus</span> <span class='ocrx_word' id='word_1_72' title='bbox 479 1345 602 1421; x_wconf 82' lang='lat' dir='ltr'>propriis</span> <span class='ocrx_word' id='word_1_73' title='bbox 616 1344 730 1401; x_wconf 89' lang='lat' dir='ltr'>inimica</span> <span class='ocrx_word' id='word_1_74' title='bbox 744 1338 889 1418; x_wconf 86' lang='lat' dir='ltr'>pererrat?</span> 
     </span>
    </p>

    <p class='ocr_par' dir='ltr' id='par_1_6' title="bbox 191 1418 944 1501">
     <span class='ocr_line' id='line_1_13' title="bbox 191 1418 944 1501; baseline -0.009 -19"><span class='ocrx_word' id='word_1_75' title='bbox 191 1425 419 1501; x_wconf 73' lang='lat' dir='ltr'>Quodluperest,</span> <span class='ocrx_word' id='word_1_76' title='bbox 428 1426 562 1500; x_wconf 85' lang='lat' dir='ltr'>quoniam</span> <span class='ocrx_word' id='word_1_77' title='bbox 571 1425 665 1500; x_wconf 86' lang='lat' dir='ltr'>magni</span> <span class='ocrx_word' id='word_1_78' title='bbox 677 1443 727 1499; x_wconf 87' lang='lat' dir='ltr'>per</span> <span class='ocrx_word' id='word_1_79' title='bbox 736 1418 944 1478; x_wconf 84' lang='lat' dir='ltr'>caerulamundi</span> 
     </span>
    </p>

    <p class='ocr_par' dir='ltr' id='par_1_7' title="bbox 145 1502 796 1583">
     <span class='ocr_line' id='line_1_14' title="bbox 145 1502 796 1583; baseline -0.008 -20"><span class='ocrx_word' id='word_1_80' title='bbox 145 1509 214 1583; x_wconf 74' lang='lat' dir='ltr'>Qua</span> <span class='ocrx_word' id='word_1_81' title='bbox 228 1506 291 1579; x_wconf 74' lang='lat' dir='ltr'>lieri</span> <span class='ocrx_word' id='word_1_82' title='bbox 304 1506 439 1581; x_wconf 90' lang='lat' dir='ltr'>quicquid</span> <span class='ocrx_word' id='word_1_83' title='bbox 453 1505 538 1581; x_wconf 86' lang='lat' dir='ltr'>pollet</span> <span class='ocrx_word' id='word_1_84' title='bbox 550 1506 667 1569; x_wconf 83' lang='lat' dir='ltr'>ratione,</span> <span class='ocrx_word' id='word_1_85' title='bbox 683 1502 796 1559; x_wconf 86' lang='lat' dir='ltr'>resolvi:</span> 
     </span>
    </p>

    <p class='ocr_par' dir='ltr' id='par_1_8' title="bbox 144 1585 756 1661">
     <span class='ocr_line' id='line_1_15' title="bbox 144 1585 756 1661; baseline -0.005 -18"><span class='ocrx_word' id='word_1_86' title='bbox 144 1588 217 1643; x_wconf 84' lang='lat' dir='ltr'>Solis</span> <span class='ocrx_word' id='word_1_87' title='bbox 231 1585 275 1641; x_wconf 85' lang='lat' dir='ltr'>uti</span> <span class='ocrx_word' id='word_1_88' title='bbox 290 1588 382 1643; x_wconf 85' lang='lat' dir='ltr'>varios</span> <span class='ocrx_word' id='word_1_89' title='bbox 395 1586 499 1652; x_wconf 78' lang='lat' dir='ltr'>curlus,</span> <span class='ocrx_word' id='word_1_90' title='bbox 511 1588 639 1661; x_wconf 82' lang='lat' dir='ltr'>lunaeque</span> <span class='ocrx_word' id='word_1_91' title='bbox 652 1600 756 1641; x_wconf 76' lang='lat' dir='ltr'>meatus</span> 
     </span>
    </p>

    <p class='ocr_par' dir='ltr' id='par_1_9' title="bbox 141 1664 812 1741">
     <span class='ocr_line' id='line_1_16' title="bbox 141 1664 812 1741; baseline -0.006 -18"><span class='ocrx_word' id='word_1_92' title='bbox 141 1665 262 1723; x_wconf 89' lang='lat' dir='ltr'>Nolcere</span> <span class='ocrx_word' id='word_1_93' title='bbox 277 1664 424 1741; x_wconf 76' lang='lat' dir='ltr'>poliemus,</span> <span class='ocrx_word' id='word_1_94' title='bbox 439 1685 500 1741; x_wconf 80' lang='lat' dir='ltr'>quae</span> <span class='ocrx_word' id='word_1_95' title='bbox 514 1665 566 1730; x_wconf 86' lang='lat' dir='ltr'>vis,</span> <span class='ocrx_word' id='word_1_96' title='bbox 582 1681 609 1720; x_wconf 91' lang='lat' dir='ltr'>et</span> <span class='ocrx_word' id='word_1_97' title='bbox 621 1664 698 1722; x_wconf 87' lang='lat' dir='ltr'>caula</span> <span class='ocrx_word' id='word_1_98' title='bbox 711 1665 812 1720; x_wconf 84' lang='lat' dir='ltr'>cieret:</span> 
     </span>
    </p>

    <p class='ocr_par' dir='ltr' id='par_1_10' title="bbox 147 1744 800 1823">
     <span class='ocr_line' id='line_1_17' title="bbox 147 1744 800 1823; baseline -0.003 -22"><span class='ocrx_word' id='word_1_99' title='bbox 147 1748 255 1823; x_wconf 71' lang='lat' dir='ltr'>Quove</span> <span class='ocrx_word' id='word_1_100' title='bbox 267 1745 353 1801; x_wconf 87' lang='lat' dir='ltr'>modo</span> <span class='ocrx_word' id='word_1_101' title='bbox 368 1745 470 1803; x_wconf 81' lang='lat' dir='ltr'>soleant</span> <span class='ocrx_word' id='word_1_102' title='bbox 482 1744 581 1802; x_wconf 70' lang='lat' dir='ltr'>offedo</span> <span class='ocrx_word' id='word_1_103' title='bbox 595 1746 701 1801; x_wconf 89' lang='lat' dir='ltr'>lumine</span> <span class='ocrx_word' id='word_1_104' title='bbox 711 1745 800 1809; x_wconf 86' lang='lat' dir='ltr'>obire,</span> 
     </span>
    </p>

    <p class='ocr_par' dir='ltr' id='par_1_11' title="bbox 148 1824 813 1901">
     <span class='ocr_line' id='line_1_18' title="bbox 148 1824 813 1901; baseline -0.005 -19"><span class='ocrx_word' id='word_1_105' title='bbox 148 1829 185 1882; x_wconf 85' lang='lat' dir='ltr'>Et</span> <span class='ocrx_word' id='word_1_106' title='bbox 198 1845 248 1882; x_wconf 90' lang='lat' dir='ltr'>nec</span> <span class='ocrx_word' id='word_1_107' title='bbox 261 1826 421 1901; x_wconf 77' lang='lat' dir='ltr'>opinanteir</span> <span class='ocrx_word' id='word_1_108' title='bbox 435 1827 552 1883; x_wconf 86' lang='lat' dir='ltr'>tenebris</span> <span class='ocrx_word' id='word_1_109' title='bbox 565 1824 702 1883; x_wconf 88' lang='lat' dir='ltr'>obducere</span> <span class='ocrx_word' id='word_1_110' title='bbox 713 1840 813 1881; x_wconf 87' lang='lat' dir='ltr'>terras:</span> 
     </span>
    </p>

    <p class='ocr_par' dir='ltr' id='par_1_12' title="bbox 147 1902 946 2045">
     <span class='ocr_line' id='line_1_19' title="bbox 147 1902 946 1982; baseline -0.009 -18"><span class='ocrx_word' id='word_1_111' title='bbox 147 1909 226 1964; x_wconf 89' lang='lat' dir='ltr'>Cum</span> <span class='ocrx_word' id='word_1_112' title='bbox 239 1905 316 1982; x_wconf 83' lang='lat' dir='ltr'>quali</span> <span class='ocrx_word' id='word_1_113' title='bbox 329 1906 491 1975; x_wconf 86' lang='lat' dir='ltr'>connivent,</span> <span class='ocrx_word' id='word_1_114' title='bbox 507 1921 533 1963; x_wconf 88' lang='lat' dir='ltr'>et</span> <span class='ocrx_word' id='word_1_115' title='bbox 543 1922 640 1982; x_wconf 85' lang='lat' dir='ltr'>aperto</span> <span class='ocrx_word' id='word_1_116' title='bbox 650 1906 757 1963; x_wconf 90' lang='lat' dir='ltr'>lumine</span> <span class='ocrx_word' id='word_1_117' title='bbox 772 1902 880 1963; x_wconf 80' lang='lat' dir='ltr'>rursum</span> <span class='ocrx_word' id='word_1_118' title='bbox 942 1931 946 1957; x_wconf 73' lang='lat'>2</span> 
     </span>
     <span class='ocr_line' id='line_1_20' title="bbox 148 1986 796 2045; baseline -0.008 0"><span class='ocrx_word' id='word_1_119' title='bbox 148 1987 260 2045; x_wconf 86' lang='lat' dir='ltr'>Omnia</span> <span class='ocrx_word' id='word_1_120' title='bbox 273 1986 420 2043; x_wconf 77' lang='lat' dir='ltr'>convisunt</span> <span class='ocrx_word' id='word_1_121' title='bbox 433 1990 505 2044; x_wconf 86' lang='lat' dir='ltr'>clara</span> <span class='ocrx_word' id='word_1_122' title='bbox 518 1988 578 2044; x_wconf 88' lang='lat' dir='ltr'>loca</span> <span class='ocrx_word' id='word_1_123' title='bbox 591 1986 710 2044; x_wconf 85' lang='lat' dir='ltr'>candida</span> <span class='ocrx_word' id='word_1_124' title='bbox 722 1988 796 2041; x_wconf 90' lang='lat' dir='ltr'>luce.</span> 
     </span>
    </p>

    <p class='ocr_par' dir='ltr' id='par_1_13' title="bbox 146 2065 940 2292">
     <span class='ocr_line' id='line_1_21' title="bbox 191 2065 940 2129; baseline 0 -7"><span class='ocrx_word' id='word_1_125' title='bbox 191 2069 279 2122; x_wconf 88' lang='lat' dir='ltr'>Nunc</span> <span class='ocrx_word' id='word_1_126' title='bbox 292 2066 374 2122; x_wconf 87' lang='lat' dir='ltr'>redeo</span> <span class='ocrx_word' id='word_1_127' title='bbox 383 2068 418 2122; x_wconf 90' lang='lat' dir='ltr'>ad</span> <span class='ocrx_word' id='word_1_128' title='bbox 428 2067 699 2129; x_wconf 79' lang='lat' dir='ltr'>mundinovitatem,</span> <span class='ocrx_word' id='word_1_129' title='bbox 715 2080 741 2120; x_wconf 89' lang='lat' dir='ltr'>et</span> <span class='ocrx_word' id='word_1_130' title='bbox 750 2065 847 2122; x_wconf 78' lang='lat' dir='ltr'>mollia</span> <span class='ocrx_word' id='word_1_131' title='bbox 857 2080 940 2124; x_wconf 73' lang='lat' dir='ltr'>terrae</span> 
     </span>
     <span class='ocr_line' id='line_1_22' title="bbox 147 2144 935 2222; baseline -0.008 -19"><span class='ocrx_word' id='word_1_132' title='bbox 147 2147 240 2212; x_wconf 79' lang='lat' dir='ltr'>Arva,</span> <span class='ocrx_word' id='word_1_133' title='bbox 254 2166 332 2204; x_wconf 86' lang='lat' dir='ltr'>novo</span> <span class='ocrx_word' id='word_1_134' title='bbox 343 2145 410 2203; x_wconf 79' lang='lat' dir='ltr'>foetu</span> <span class='ocrx_word' id='word_1_135' title='bbox 424 2144 492 2220; x_wconf 89' lang='lat' dir='ltr'>quid</span> <span class='ocrx_word' id='word_1_136' title='bbox 507 2147 636 2222; x_wconf 85' lang='lat' dir='ltr'>primunr</span> <span class='ocrx_word' id='word_1_137' title='bbox 647 2146 679 2202; x_wconf 92' lang='lat' dir='ltr'>in</span> <span class='ocrx_word' id='word_1_138' title='bbox 692 2145 808 2201; x_wconf 88' lang='lat' dir='ltr'>luminis</span> <span class='ocrx_word' id='word_1_139' title='bbox 821 2165 882 2203; x_wconf 79' lang='lat' dir='ltr'>oran</span> <span class='ocrx_word' id='word_1_140' title='bbox 931 2159 935 2197; x_wconf 76' lang='grc' dir='ltr'>ς</span> 
     </span>
     <span class='ocr_line' id='line_1_23' title="bbox 146 2225 928 2292; baseline -0.004 -10"><span class='ocrx_word' id='word_1_141' title='bbox 146 2228 273 2292; x_wconf 85' lang='lat' dir='ltr'>Tollere,</span> <span class='ocrx_word' id='word_1_142' title='bbox 289 2242 317 2284; x_wconf 89' lang='lat' dir='ltr'>et</span> <span class='ocrx_word' id='word_1_143' title='bbox 329 2227 443 2283; x_wconf 82' lang='lat' dir='ltr'>incertis</span> <span class='ocrx_word' id='word_1_144' title='bbox 458 2227 567 2285; x_wconf 85' lang='lat' dir='ltr'>tentarit</span> <span class='ocrx_word' id='word_1_145' title='bbox 580 2226 690 2282; x_wconf 86' lang='lat' dir='ltr'>credere</span> <span class='ocrx_word' id='word_1_146' title='bbox 704 2225 804 2282; x_wconf 85' lang='lat' dir='ltr'>ventis.</span> <span class='ocrx_word' id='word_1_147' title='bbox 871 2278 873 2283; x_wconf 85' lang='grc'><em>,</em></span> <span class='ocrx_word' id='word_1_148' title='bbox 926 2242 928 2248; x_wconf 83' lang='grc'><strong>’</strong></span> 
     </span>
    </p>

    <p class='ocr_par' dir='ltr' id='par_1_14' title="bbox 146 2306 962 2702">
     <span class='ocr_line' id='line_1_24' title="bbox 187 2306 962 2382; baseline -0.005 -20"><span class='ocrx_word' id='word_1_149' title='bbox 187 2307 345 2381; x_wconf 78' lang='lat' dir='ltr'>Principio,</span> <span class='ocrx_word' id='word_1_150' title='bbox 361 2326 447 2382; x_wconf 81' lang='lat' dir='ltr'>genus</span> <span class='ocrx_word' id='word_1_151' title='bbox 457 2306 617 2372; x_wconf 83' lang='lat' dir='ltr'>herbarum,</span> <span class='ocrx_word' id='word_1_152' title='bbox 633 2306 808 2381; x_wconf 83' lang='lat' dir='ltr'>viridemque</span> <span class='ocrx_word' id='word_1_153' title='bbox 816 2306 936 2365; x_wconf 83' lang='lat' dir='ltr'>nitorem</span> <span class='ocrx_word' id='word_1_154' title='bbox 955 2342 962 2358; x_wconf 78' lang='grc'>.</span> 
     </span>
     <span class='ocr_line' id='line_1_25' title="bbox 146 2385 953 2462; baseline 0 -19"><span class='ocrx_word' id='word_1_155' title='bbox 146 2388 236 2443; x_wconf 87' lang='lat' dir='ltr'>Terra</span> <span class='ocrx_word' id='word_1_156' title='bbox 248 2385 325 2443; x_wconf 82' lang='lat' dir='ltr'>dedit</span> <span class='ocrx_word' id='word_1_157' title='bbox 336 2387 443 2443; x_wconf 88' lang='lat' dir='ltr'>circum</span> <span class='ocrx_word' id='word_1_158' title='bbox 452 2387 563 2452; x_wconf 77' lang='lat' dir='ltr'>colleis3</span> <span class='ocrx_word' id='word_1_159' title='bbox 585 2387 754 2462; x_wconf 85' lang='lat' dir='ltr'>camposque</span> <span class='ocrx_word' id='word_1_160' title='bbox 767 2408 816 2462; x_wconf 90' lang='lat' dir='ltr'>per</span> <span class='ocrx_word' id='word_1_161' title='bbox 826 2390 934 2446; x_wconf 82' lang='lat' dir='ltr'>omneis</span> <span class='ocrx_word' id='word_1_162' title='bbox 952 2426 953 2429; x_wconf 57' lang='lat'><em>=</em></span> 
     </span>
     <span class='ocr_line' id='line_1_26' title="bbox 147 2465 772 2541; baseline -0.002 -18"><span class='ocrx_word' id='word_1_163' title='bbox 147 2467 262 2523; x_wconf 85' lang='lat' dir='ltr'>Florida</span> <span class='ocrx_word' id='word_1_164' title='bbox 274 2465 411 2522; x_wconf 84' lang='lat' dir='ltr'>fulserunt</span> <span class='ocrx_word' id='word_1_165' title='bbox 424 2466 558 2523; x_wconf 86' lang='lat' dir='ltr'>viridanti</span> <span class='ocrx_word' id='word_1_166' title='bbox 574 2482 652 2541; x_wconf 87' lang='lat' dir='ltr'>prata</span> <span class='ocrx_word' id='word_1_167' title='bbox 665 2470 772 2524; x_wconf 83' lang='lat' dir='ltr'>colore:</span> 
     </span>
     <span class='ocr_line' id='line_1_27' title="bbox 147 2543 870 2622; baseline 0.001 -18"><span class='ocrx_word' id='word_1_168' title='bbox 147 2545 364 2622; x_wconf 83' lang='lat' dir='ltr'>Arboribulque</span> <span class='ocrx_word' id='word_1_169' title='bbox 375 2543 505 2603; x_wconf 81' lang='lat' dir='ltr'>datum&#39;st</span> <span class='ocrx_word' id='word_1_170' title='bbox 519 2548 602 2603; x_wconf 83' lang='lat' dir='ltr'>variis</span> <span class='ocrx_word' id='word_1_171' title='bbox 610 2547 711 2604; x_wconf 84' lang='lat' dir='ltr'>exinde</span> <span class='ocrx_word' id='word_1_172' title='bbox 724 2568 775 2622; x_wconf 87' lang='lat' dir='ltr'>per</span> <span class='ocrx_word' id='word_1_173' title='bbox 784 2568 870 2605; x_wconf 76' lang='lat' dir='ltr'>auras.</span> 
     </span>
     <span class='ocr_line' id='line_1_28' title="bbox 148 2625 871 2702; baseline 0.003 -20"><span class='ocrx_word' id='word_1_174' title='bbox 148 2625 298 2683; x_wconf 79' lang='lat' dir='ltr'>Crescendi</span> <span class='ocrx_word' id='word_1_175' title='bbox 311 2645 444 2702; x_wconf 84' lang='lat' dir='ltr'>magnum</span> <span class='ocrx_word' id='word_1_176' title='bbox 458 2627 581 2684; x_wconf 76' lang='lat' dir='ltr'>immistis</span> <span class='ocrx_word' id='word_1_177' title='bbox 594 2644 731 2682; x_wconf 81' lang='lat' dir='ltr'>certarnen</span> <span class='ocrx_word' id='word_1_178' title='bbox 743 2625 871 2684; x_wconf 81' lang='lat' dir='ltr'>habenis.</span> 
     </span>
    </p>

    <p class='ocr_par' dir='ltr' id='par_1_15' title="bbox 150 2706 871 2784">
     <span class='ocr_line' id='line_1_29' title="bbox 150 2706 871 2784; baseline -0.004 -20"><span class='ocrx_word' id='word_1_179' title='bbox 150 2707 192 2764; x_wconf 87' lang='lat' dir='ltr'>Ut</span> <span class='ocrx_word' id='word_1_180' title='bbox 206 2709 301 2782; x_wconf 88' lang='lat' dir='ltr'>pluma</span> <span class='ocrx_word' id='word_1_181' title='bbox 314 2721 396 2780; x_wconf 84' lang='lat' dir='ltr'>atque</span> <span class='ocrx_word' id='word_1_182' title='bbox 411 2708 463 2782; x_wconf 87' lang='lat' dir='ltr'>pili</span> <span class='ocrx_word' id='word_1_183' title='bbox 477 2709 603 2784; x_wconf 88' lang='lat' dir='ltr'>primum</span> <span class='ocrx_word' id='word_1_184' title='bbox 616 2706 730 2781; x_wconf 81' lang='lat' dir='ltr'>setaeque</span> <span class='ocrx_word' id='word_1_185' title='bbox 743 2723 871 2763; x_wconf 86' lang='lat' dir='ltr'>creantur</span> 
     </span>
    </p>

    <p class='ocr_par' dir='ltr' id='par_1_16' title="bbox 150 2785 932 2923">
     <span class='ocr_line' id='line_1_30' title="bbox 150 2785 932 2864; baseline -0.001 -20"><span class='ocrx_word' id='word_1_186' title='bbox 150 2785 381 2863; x_wconf 70' lang='lat' dir='ltr'>Quadrupedum</span> <span class='ocrx_word' id='word_1_187' title='bbox 393 2787 424 2842; x_wconf 88' lang='lat' dir='ltr'>in</span> <span class='ocrx_word' id='word_1_188' title='bbox 438 2789 584 2855; x_wconf 85' lang='lat' dir='ltr'>membris,</span> <span class='ocrx_word' id='word_1_189' title='bbox 608 2803 635 2843; x_wconf 90' lang='lat' dir='ltr'>et</span> <span class='ocrx_word' id='word_1_190' title='bbox 652 2806 769 2863; x_wconf 84' lang='lat' dir='ltr'>corpore</span> <span class='ocrx_word' id='word_1_191' title='bbox 790 2789 932 2864; x_wconf 88' lang='lat' dir='ltr'>pennipo-</span> 
     </span>
     <span class='ocr_line' id='line_1_31' title="bbox 276 2882 399 2923; baseline 0.024 -3"><span class='ocrx_word' id='word_1_192' title='bbox 276 2882 399 2923; x_wconf 85' lang='lat' dir='ltr'>tentum:</span> 
     </span>
    </p>

    <p class='ocr_par' dir='ltr' id='par_1_17' title="bbox 149 2946 938 3025">
     <span class='ocr_line' id='line_1_32' title="bbox 149 2946 938 3025; baseline 0.011 -22"><span class='ocrx_word' id='word_1_193' title='bbox 149 2948 194 3003; x_wconf 89' lang='lat' dir='ltr'>Sic</span> <span class='ocrx_word' id='word_1_194' title='bbox 206 2964 281 3007; x_wconf 85' lang='lat' dir='ltr'>nova</span> <span class='ocrx_word' id='word_1_195' title='bbox 296 2961 354 3002; x_wconf 86' lang='lat' dir='ltr'>tum</span> <span class='ocrx_word' id='word_1_196' title='bbox 368 2949 446 3004; x_wconf 87' lang='lat' dir='ltr'>tellus</span> <span class='ocrx_word' id='word_1_197' title='bbox 456 2946 553 3005; x_wconf 80' lang='lat' dir='ltr'>herbar</span> <span class='ocrx_word' id='word_1_198' title='bbox 565 2948 742 3025; x_wconf 81' lang='lat' dir='ltr'>virgultaque</span> <span class='ocrx_word' id='word_1_199' title='bbox 753 2953 877 3025; x_wconf 85' lang='lat' dir='ltr'>primum</span> <span class='ocrx_word' id='word_1_200' title='bbox 934 2972 938 3012; x_wconf 79' lang='lat'>2</span> 
     </span>
    </p>

    <p class='ocr_par' dir='ltr' id='par_1_18' title="bbox 150 3026 777 3088">
     <span class='ocr_line' id='line_1_33' title="bbox 150 3026 777 3088; baseline 0.005 -6"><span class='ocrx_word' id='word_1_201' title='bbox 150 3026 279 3082; x_wconf 83' lang='lat' dir='ltr'>Sustulit:</span> <span class='ocrx_word' id='word_1_202' title='bbox 304 3026 370 3082; x_wconf 88' lang='lat' dir='ltr'>iude</span> <span class='ocrx_word' id='word_1_203' title='bbox 383 3028 436 3084; x_wconf 86' lang='lat' dir='ltr'>loci</span> <span class='ocrx_word' id='word_1_204' title='bbox 447 3029 574 3084; x_wconf 88' lang='lat' dir='ltr'>mortalia</span> <span class='ocrx_word' id='word_1_205' title='bbox 586 3029 661 3087; x_wconf 82' lang='lat' dir='ltr'>laeela</span> <span class='ocrx_word' id='word_1_206' title='bbox 674 3035 777 3088; x_wconf 86' lang='lat' dir='ltr'>creavit</span> 
     </span>
    </p>

    <p class='ocr_par' dir='ltr' id='par_1_19' title="bbox 148 3106 870 3182">
     <span class='ocr_line' id='line_1_34' title="bbox 148 3106 870 3182; baseline 0.004 -19"><span class='ocrx_word' id='word_1_207' title='bbox 148 3108 241 3163; x_wconf 89' lang='lat' dir='ltr'>Multa</span> <span class='ocrx_word' id='word_1_208' title='bbox 254 3106 343 3162; x_wconf 84' lang='lat' dir='ltr'>modis</span> <span class='ocrx_word' id='word_1_209' title='bbox 354 3108 450 3165; x_wconf 81' lang='lat' dir='ltr'>multis</span> <span class='ocrx_word' id='word_1_210' title='bbox 461 3109 534 3165; x_wconf 87' lang='lat' dir='ltr'>varia</span> <span class='ocrx_word' id='word_1_211' title='bbox 548 3110 655 3166; x_wconf 87' lang='lat' dir='ltr'>ratione</span> <span class='ocrx_word' id='word_1_212' title='bbox 669 3127 775 3167; x_wconf 83' lang='lat' dir='ltr'>coorta.</span> <span class='ocrx_word' id='word_1_213' title='bbox 867 3178 870 3182; x_wconf 14' lang='lat' dir='ltr'><em>A</em></span> 
     </span>
    </p>

    <p class='ocr_par' dir='ltr' id='par_1_20' title="bbox 149 3186 931 3266">
     <span class='ocr_line' id='line_1_35' title="bbox 149 3186 931 3266; baseline 0.01 -24"><span class='ocrx_word' id='word_1_214' title='bbox 149 3188 223 3242; x_wconf 87' lang='lat' dir='ltr'>Nam</span> <span class='ocrx_word' id='word_1_215' title='bbox 235 3205 325 3261; x_wconf 88' lang='lat' dir='ltr'>neque</span> <span class='ocrx_word' id='word_1_216' title='bbox 337 3186 371 3243; x_wconf 90' lang='lat' dir='ltr'>de</span> <span class='ocrx_word' id='word_1_217' title='bbox 386 3191 456 3246; x_wconf 87' lang='lat' dir='ltr'>coelo</span> <span class='ocrx_word' id='word_1_218' title='bbox 465 3189 587 3245; x_wconf 85' lang='lat' dir='ltr'>cecidille</span> <span class='ocrx_word' id='word_1_219' title='bbox 599 3191 731 3246; x_wconf 83' lang='lat' dir='ltr'>animalia</span> <span class='ocrx_word' id='word_1_220' title='bbox 745 3189 865 3266; x_wconf 79' lang='lat' dir='ltr'>poliunt,</span> <span class='ocrx_word' id='word_1_221' title='bbox 929 3216 931 3221; x_wconf 69' lang='grc'><em>’</em></span> 
     </span>
    </p>

    <p class='ocr_par' dir='ltr' id='par_1_21' title="bbox 149 3266 710 3326">
     <span class='ocr_line' id='line_1_36' title="bbox 149 3266 710 3326; baseline 0.005 -5"><span class='ocrx_word' id='word_1_222' title='bbox 149 3266 207 3322; x_wconf 88' lang='lat' dir='ltr'>Nec</span> <span class='ocrx_word' id='word_1_223' title='bbox 221 3266 356 3324; x_wconf 83' lang='lat' dir='ltr'>terrellria</span> <span class='ocrx_word' id='word_1_224' title='bbox 368 3267 402 3326; x_wconf 90' lang='lat' dir='ltr'>de</span> <span class='ocrx_word' id='word_1_225' title='bbox 414 3268 484 3326; x_wconf 83' lang='lat' dir='ltr'>saliis</span> <span class='ocrx_word' id='word_1_226' title='bbox 497 3269 580 3326; x_wconf 85' lang='lat' dir='ltr'>exille</span> <span class='ocrx_word' id='word_1_227' title='bbox 591 3270 710 3326; x_wconf 87' lang='lat' dir='ltr'>lacunis.</span> 
     </span>
    </p>

    <p class='ocr_par' dir='ltr' id='par_1_22' title="bbox 149 3346 849 3432">
     <span class='ocr_line' id='line_1_37' title="bbox 149 3346 849 3432; baseline 0.011 -28"><span class='ocrx_word' id='word_1_228' title='bbox 149 3346 302 3424; x_wconf 84' lang='lat' dir='ltr'>Linquitur</span> <span class='ocrx_word' id='word_1_229' title='bbox 314 3362 346 3429; x_wconf 86' lang='lat' dir='ltr'>ut</span> <span class='ocrx_word' id='word_1_230' title='bbox 359 3349 626 3410; x_wconf 82' lang='lat' dir='ltr'>meritumaternurn</span> <span class='ocrx_word' id='word_1_231' title='bbox 634 3360 738 3409; x_wconf 81' lang='lat' dir='ltr'>nomen</span> <span class='ocrx_word' id='word_1_232' title='bbox 751 3351 849 3432; x_wconf 83' lang='lat' dir='ltr'>adepta</span> 
     </span>
    </p>
   </div>
   <div class='ocr_carea' id='block_1_3' title="bbox 526 3428 932 3510">
    <p class='ocr_par' dir='ltr' id='par_1_23' title="bbox 526 3428 932 3510">
     <span class='ocr_line' id='line_1_38' title="bbox 526 3428 932 3510; baseline 0.017 -21"><span class='ocrx_word' id='word_1_233' title='bbox 526 3428 555 3489; x_wconf 90' lang='grc'>0</span> <span class='ocrx_word' id='word_1_234' title='bbox 569 3447 586 3510; x_wconf 84' lang='lat'>3</span> <span class='ocrx_word' id='word_1_235' title='bbox 843 3435 932 3496; x_wconf 73' lang='lat' dir='ltr'>Terra</span> 
     </span>
    </p>
   </div>
   <div class='ocr_carea' id='block_1_4' title="bbox 0 0 1185 3875">
    <p class='ocr_par' dir='ltr' id='par_1_24' title="bbox 0 0 1185 3875">
     <span class='ocr_line' id='line_1_39' title="bbox 0 0 1185 3875; baseline 0 0"><span class='ocrx_word' id='word_1_236' title='bbox 0 0 1185 3875; x_wconf 95' lang='lat' dir='ltr'> </span> 
     </span>
    </p>
   </div>
  </div>
 </body>
</html>
