2359 3875
305 421 500 495 rrurrt
538 387 801 493 auritus.
911 437 953 510 ις

154 556 227 627 .Janr
238 552 312 611 nihil
327 574 361 611 ex
374 554 431 611 illis
445 553 537 611 eadem
550 573 678 631 reparare
688 522 806 612 valeret:
838 602 843 614 .

168 636 317 711 Propterea
329 635 407 710 quia,
423 653 482 709 quae
495 634 593 690 multis
607 634 670 691 sunt
679 635 804 710 partibus
818 629 908 690 ausin.
1018 630 1021 638 ’

168 715 230 771 Nou
243 714 359 791 possunt
368 734 410 781 ea,
423 735 485 789 quae
497 713 579 770 debet
591 714 717 791 genitalis
727 712 826 770 habere
942 714 947 728 ⁸

166 793 302 861 Materies,
317 795 410 851 varios
424 813 581 861 connexus,
595 794 730 870 pondera,
743 795 849 868 plagas.
941 793 945 812 ⁵

167 874 452 940 Concursus„motur,
469 893 520 948 per
531 893 591 948 quae
603 892 644 929 rer
656 891 771 948 quaque
784 886 928 948 geruntur.
941 897 943 903 ·

209 955 310 1019 Porro,
322 952 341 1007 fi
354 948 465 1009 nulla'ss
478 951 637 1029 srangeudir
650 952 756 1008 reddita
769 952 831 1007 finit

169 1033 356 1108 Corporibus,
374 1047 465 1087 tamen
478 1051 513 1087 ex
525 1045 627 1088 aterno
641 1045 766 1108 tempore
779 1029 905 1106 quadarn

166 1112 248 1169 Nunc
262 1112 346 1167 etiam
356 1111 483 1187 superare
493 1106 626 1167 necell'e'll
639 1130 758 1187 corpora
771 1112 863 1176 rebus,

168 1192 236 1268 Qua
249 1190 381 1246 nondum
393 1191 502 1245 clueant
516 1192 572 1247 ullo
587 1205 688 1247 tentata
702 1190 829 1267 periclo:

166 1271 205 1325 At
214 1269 351 1345 quoniam
364 1269 456 1344 fragili
470 1284 567 1326 natura
577 1269 692 1344 predita
706 1268 841 1332 constant,

167 1350 313 1424 Discrepat
329 1362 464 1404 aetemum
478 1362 586 1424 tempus
600 1348 719 1425 potuisse
733 1367 843 1404 manere

171 1427 431 1485 innumerabilibus
444 1427 533 1502 plagis
546 1444 643 1484 vexata
657 1447 708 1504 per
717 1448 819 1484 aevum.

207 1510 396 1586 Quapropter
408 1507 455 1581 qui
466 1507 608 1564 materiem
623 1528 715 1564 rerum
730 1506 781 1564 esse
795 1521 929 1583 putarunt

105 1647 108 1654 ,
167 1586 276 1664 Ignem,
291 1602 374 1662 atque
387 1586 493 1661 exigui
509 1585 645 1643 summam
657 1587 797 1643 consistere
810 1586 880 1654 solo,

204 1669 404 1743 Magnoperea
417 1687 481 1721 vera
494 1665 560 1741 laps
573 1667 682 1724 ratione
693 1667 836 1725 videntur.

165 1748 259 1804 Hm
268 1768 282 1803 c
291 1766 388 1803 arros
404 1746 458 1801 init
470 1766 591 1821 quorum
605 1746 665 1804 dux
678 1749 771 1824 praelia
784 1750 907 1824 primus,

166 1830 264 1884 Clarus
279 1828 316 1883 ob
327 1825 470 1883 obscuram
483 1826 608 1901 linguatu
620 1829 707 1903 magis
716 1828 789 1883 inter
802 1828 918 1894 inaneis,

167 1906 297 1984 Quamde
311 1906 415 1983 graveis
427 1906 502 1963 inter
514 1906 626 1974 Graios,
639 1908 688 1982 qui
703 1928 768 1965 vera
782 1910 941 1983 requirunt.

169 1988 277 2044 Omnia
290 1988 367 2043 eninr
381 1986 472 2042 stolidi
486 1987 573 2062 magis
587 1986 771 2055 admirantur,
787 2001 933 2061 amantque

168 2067 282 2124 Inverfis
296 2087 357 2141 qua
372 2066 420 2121 sub
431 2066 521 2122 verbis
534 2066 673 2123 latitantia
687 2082 822 2124 cernunt:

170 2147 302 2221 Vtraque
315 2145 495 2208 constituunt,
509 2166 570 2220 quae
584 2148 653 2217 belle
666 2162 774 2223 tangere
788 2145 903 2223 possunt

171 2227 285 2294 Aureis,
294 2240 322 2281 et
335 2226 429 2300 lepido
439 2245 498 2300 quae
508 2225 571 2281 sunt
580 2224 669 2284 fucata
679 2227 786 2295 sonore,

214 2308 288 2362 Nam
302 2325 353 2363 cur
366 2320 421 2361 tam
433 2306 515 2362 variae
529 2324 570 2361 res
582 2304 691 2381 possent
703 2305 764 2374 else,
780 2311 902 2388 requiro,

172 2385 290 2441 Exvero
304 2385 321 2440 si
336 2385 399 2440 suut
408 2385 479 2462 igni,
492 2404 620 2460 puroque
632 2402 737 2443 creatae.

173 2467 223 2522 Nil
237 2463 374 2540 prodesset
387 2466 462 2520 enim
477 2465 597 2522 calidum
610 2465 746 2523 denserier
759 2469 864 2545 iguem,

173 2547 232 2601 Nee
245 2544 379 2610 rarefieri,
394 2544 411 2598 fi
427 2558 516 2619 parter
528 2544 603 2619 ignia
617 2546 730 2602 eandem

173 2627 322 2690 Naturam,
337 2643 421 2698 quam
434 2638 504 2680 totus
516 2621 600 2679 habet
613 2624 695 2700 super
707 2626 790 2702 ignis,
806 2625 950 2684 habereut.

151 2762 157 2775 ,
174 2704 281 2760 Acrior
294 2703 377 2759 ardor
389 2705 464 2760 eninr
475 2701 617 2760 eonduslir
632 2706 757 2780 parribus
770 2704 848 2762 essct:
944 2730 946 2735 ·

176 2781 352 2859 Languidior
365 2803 452 2858 porro
464 2781 594 2858 disjellis,
611 2782 705 2859 disque
717 2785 834 2861 suparis.

176 2863 312 2937 Amplius
323 2860 377 2919 hoc
388 2863 447 2920 fieri
460 2861 534 2919 nihil
545 2861 590 2929 cll,
607 2864 682 2938 quod
697 2866 772 2940 posse
785 2868 868 2924 rearis

174 2943 292 3000 Talibus
306 2942 337 2997 in
349 2944 444 3008 caufis,
456 2941 560 2998 nedum
570 2943 705 3000 variantia
717 2966 808 3002 rerum

175 3022 268 3079 Tanta
280 3035 361 3095 queat
374 3022 470 3089 densis,
484 3023 603 3098 rarisque
616 3043 649 3079 ex
663 3024 774 3100 ignibus
789 3025 851 3082 esse.

174 3102 271 3177 Atque
288 3122 323 3157 rrr
341 3101 485 3169 lisaniam,
500 3101 646 3160 admissum
661 3107 740 3161 rebus
753 3105 850 3172 inane·,

176 3180 292 3238 Denseri
307 3196 439 3256 poterunt
447 3181 536 3257 ignes,
550 3183 658 3259 rarique
672 3185 807 3258 relinqui:

179 3261 243 3328 sed,
258 3261 325 3336 quia
337 3261 481 3319 multasibi
491 3263 760 3329 cernuuttontraria,
775 3261 904 3333 mussant,

179 3340 216 3398 Et
225 3337 347 3420 fugitant
357 3340 390 3401 iu
401 3341 482 3401 rebor
491 3341 572 3402 inane
585 3343 740 3419 relinquere
750 3350 865 3420 purur'n,
877 3361 916 3411 et,
946 3370 953 3381 ·

185 3447 191 3458 ·
208 3448 217 3459 ·
870 3422 972 3490 hrum
