2359 3875
211 427 421 499 mnan·
458 422 759 526 nurnrns.
857 425 921 515 169

140 562 192 619 His
206 562 294 638 igitur
305 560 413 617 sensum
426 558 596 624 tribuebant,
612 573 760 633 propterea
772 552 850 629 quod

139 644 267 699 Membra
278 661 390 698 movere
403 639 580 705 videbantur,
589 637 723 713 vocesque
730 635 860 711 superbas
916 672 919 677 -

140 725 250 780 Mittere
264 742 317 798 pro
326 720 395 777 facie
405 722 546 795 praeclam,
557 734 584 774 ct
595 719 702 774 viribus
715 716 834 792 amplis:

141 805 336 877 AEternamque
344 802 447 857 dabant
456 801 553 866 vitam,
569 799 635 873 quia
649 798 755 873 semper
766 815 865 852 eorum

141 883 379 960 suppeditabatur
387 880 480 948 facies,
495 895 522 936 et
536 879 624 937 forma
634 879 771 943 manebat,

128 958 148 1030 'l
153 965 186 1019 Et
198 978 292 1021 manet
303 961 430 1035 omnino)
446 976 474 1017 et
485 960 562 1036 quod
576 959 659 1016 tantis
668 960 774 1015 viribus
787 955 879 1014 andos

141 1046 206 1100 Non
222 1060 323 1099 temere
335 1044 391 1098 ulla
404 1042 432 1097 vi
445 1040 575 1098 convinci
591 1038 665 1117 polle
679 1040 825 1114 putabant.

142 1122 327 1198 Fortunilque
337 1123 400 1178 ideo
414 1123 496 1197 longe
509 1120 634 1197 praestare
647 1122 793 1196 putabant,

143 1205 228 1279 Quod
237 1203 334 1259 mortis
345 1204 430 1259 timor
438 1200 685 1276 haudquemquam
695 1214 918 1266 vexareteorurn,

141 1287 175 1339 Et
188 1285 268 1340 fimul
281 1284 311 1338 in
325 1283 428 1339 somnis
440 1283 507 1358 quia
517 1285 615 1347 multa,
631 1297 657 1336 et
666 1281 735 1336 mira
747 1279 880 1334 videbant

142 1363 265 1430 Efficere,
281 1378 308 1419 et
321 1365 434 1420 nullum
447 1371 542 1438 capere
556 1361 630 1438 ipsos
643 1362 707 1418 iude
720 1359 855 1416 laborem.

182 1446 330 1509 Pratcrea,
344 1444 406 1499 coeli
420 1444 539 1500 rationes
551 1442 650 1499 ordine
663 1454 747 1507 certo,

144 1526 179 1580 Et
192 1524 270 1582 varia
283 1543 422 1581 annorum
434 1525 586 1579 cernebant·
597 1538 720 1597 tempora
733 1521 802 1577 verti
812 1543 828 1586 t

143 1606 201 1661 Nec
213 1619 343 1681 poterant
352 1604 454 1679 quibus
467 1604 496 1659 id
511 1604 588 1661 fieret
600 1604 761 1679 cognoscere
771 1600 877 1659 caufisz.

143 1687 216 1761 Ergo
226 1684 388 1761 perfugium
401 1684 450 1739 fibi
464 1683 601 1739 habebant
613 1684 707 1739 omnia
720 1683 795 1739 divis

141 1765 274 1827 Tradere,
290 1781 316 1820 et
329 1764 445 1820 illorum
458 1779 530 1820 nutu
543 1762 630 1819 lacere
643 1764 738 1819 omnia
750 1762 831 1820 flecti.

144 1849 178 1901 ln
193 1847 318 1923 coeloque
331 1845 424 1900 Deum
438 1845 520 1911 sedes,
537 1859 563 1899 et
574 1846 677 1919 templa
689 1846 828 1910 locarunt,

144 1928 197 1984 Per
207 1928 310 1982 coelum
325 1926 402 1982 volvi
416 1926 482 2000 quia
496 1925 544 1990 sol,
560 1941 587 1980 et
600 1925 666 1980 luna
680 1924 812 1981 videntur
820 1945 835 1979 ι.

143 2007 234 2072 Luna,
250 2007 320 2072 dles,
336 2021 363 2061 et
374 2026 443 2073 nox,
459 2021 485 2060 et
498 2005 586 2061 nodlis
600 2006 672 2081 signa
685 2004 784 2070 severa,

144 2083 356 2164 Nodlivagaeque
368 2084 438 2142 faces
452 2088 524 2153 coeli,
541 2087 714 2160 flammaque
727 2087 861 2152 volantes,

143 2169 261 2232 Nubila,
278 2186 334 2232 ros,
350 2167 461 2233 imbres,
477 2168 538 2232 nix,
554 2165 641 2231 venti,
654 2165 782 2230 fulmina,
799 2163 924 2242 grando„

144 2248 178 2303 Et
192 2246 429 2323 ra'pidifremitus,
441 2264 468 2302 ct
481 2266 626 2302 murmura
641 2265 739 2323 magna
752 2248 903 2302 minarum.

187 2328 215 2385 Ο
230 2347 316 2404 genus
325 2326 423 2383 infelix
433 2327 602 2383 humanum!
622 2329 687 2382 talia
699 2327 773 2382 divis

145 2410 220 2464 Cum
234 2408 334 2463 tribuit
347 2405 426 2474 falla,
437 2423 518 2481 atque
530 2409 583 2463 iras
596 2408 724 2483 adjunxit
736 2409 861 2464 acerbas:
927 2419 938 2432 ²

145 2491 275 2563 Quantos
287 2502 348 2543 turn
362 2488 479 2563 gemitus
489 2488 539 2563 ipli
553 2488 614 2553 fibi,
631 2505 788 2564 quantaque
801 2488 883 2543 nobis

144 2566 281 2632 Volnera3
297 2569 504 2644 quaslacryrnas
514 2564 931 2643 peperereminoribu'nostrisl‘

187 2650 246 2704 Nec
257 2647 344 2723 pietas
354 2644 443 2704 ulla'll
457 2649 575 2704 velatum
591 2648 660 2724 sepe
670 2647 760 2703 videri
930 2639 933 2644 ’

145 2728 259 2784 Vertier
272 2727 307 2782 ad
316 2727 447 2803 lapidem,
459 2744 540 2802 atque
551 2729 659 2783 omneis
668 2727 794 2782 accedere
806 2725 840 2783 ad
853 2747 923 2792 aras3

144 2807 477 2882 Neeprocumberehumi
486 2807 945 2884 prostratum,etpanderepalmaa
962 2851 966 2858 .

145 2890 221 2944 Ante
236 2888 328 2943 Deum
340 2888 472 2954 delubra,
482 2909 532 2943 nec
544 2908 604 2944 aras
618 2889 750 2965 sauguine
763 2891 851 2945 multo

145 2969 276 3044 Spargere
290 2969 516 3043 quadrupedum,
530 2970 661 3024 necvotis
674 2968 779 3024 nedlere
791 2985 881 3026 vota:-

144 3049 197 3105 sed
208 3065 285 3123 mage
299 3062 394 3122 pacata
409 3046 483 3123 polle
496 3051 594 3104 omnia
608 3064 698 3104 rnente
712 3051 796 3105 tueri.

146 3131 218 3185 Nam
228 3146 293 3183 cum
307 3126 469 3203 suspicimus
483 3129 576 3206 magni
591 3128 705 3185 coelellia
717 3129 818 3186 mundi

142 3207 262 3282 Templa
271 3207 365 3282 super,
381 3206 515 3283 stellisque
529 3210 696 3265 micantibus
709 3209 807 3265 aethera
822 3210 931 3279 fixum,

145 3290 181 3344 Et
193 3287 308 3343 venitin
323 3301 442 3344 mentem
456 3290 529 3356 solis,
542 3293 670 3363 lunaeque
681 3287 801 3359 viarum,
825 3296 826 3300 ’

144 3369 227 3427 Tunc
239 3368 302 3427 aliis
315 3365 530 3446 opprellamalit
544 3369 575 3426 in
589 3368 772 3446 pettorccura

523 3450 574 3542 1³3
874 3449 946 3508 ullu
