2359 3875
248 413 312 474 ,u
416 390 472 464 CT.
511 389 903 497 werinfri-

267 522 362 580 Rebns
375 519 471 597 opima
482 523 575 588 bonis,
591 520 800 600 multa'munita
813 522 908 579 virum
917 522 965 577 vi:
982 534 989 543 ·

267 603 318 659 Ni'i
332 616 422 657 tamen
437 600 491 657 hoc
504 602 626 658 habuisse
636 605 699 658 viro
710 603 867 677 praclarius
878 602 908 655 in
921 600 960 666 se‚‘

267 684 327 738 Nec
341 679 461 737 fandum
474 682 572 757 magis,
587 698 615 737 et
627 683 744 747 mirum,
760 698 911 773 caruniquc
923 679 1047 737 videtur.

269 761 402 817 Carmina
412 761 571 835 quinetiam
585 762 677 817 divini
691 760 842 836 pedorir
821 780 878 837 ejus
944 773 950 783 ¹

270 838 482 907 Vociferatur,
498 856 524 896 et
536 857 684 917 exponunt
697 842 828 915 praeclara
841 855 965 915 reperta
959 882 966 906 ‚

205 939 209 947 ·
271 916 350 977 Ut
323 940 373 977 vix
382 918 503 976 humana
516 921 644 976 videatur
657 920 740 995 stirp'e
752 935 869 976 creatus.

315 1000 372 1056 Hic
385 1014 486 1066 tamen,
502 1015 529 1055 et
539 999 634 1075 supera
643 1020 712 1075 quor
724 999 861 1092 diximus,
876 999 1023 1058 inseriorcr

273 1078 404 1135 Partibus
417 1080 522 1156 egregie
536 1079 643 1145 multis,
657 1081 801 1153 multoque
813 1081 947 1147 minores,

273 1160 444 1235 Quanquam
455 1160 541 1215 multa
550 1160 629 1225 bene,
644 1179 674 1214 ac
686 1158 824 1216 divinitus
835 1160 1008 1217 invenientes

272 1239 317 1294 Ex
329 1238 412 1317 adyto
425 1255 555 1314 tanquam
567 1238 656 1294 cordis
672 1237 795 1313 responsa
807 1238 906 1295 dedere

271 1317 406 1386 Sandius,
422 1334 448 1375 et
461 1321 550 1375 multo
564 1335 636 1374 certa
649 1318 757 1373 ratione
770 1319 869 1395 magis,
884 1339 970 1394 quam

269 1397 384 1477 Pythia,
399 1421 461 1475 quae
474 1398 613 1477 tripode
592 1419 627 1453 ex
640 1396 751 1464 Phoebi,
765 1399 898 1473 lauroque
910 1396 1048 1476 prosaturr

271 1478 425 1555 Principiis
438 1478 568 1535 tamenin
581 1496 674 1534 rerum
682 1476 768 1533 secere
782 1478 886 1543 ruinas,

274 1558 311 1613 Et
324 1560 444 1635 graviter
455 1559 550 1634 m'agni
561 1577 665 1633 magno
676 1556 796 1614 cecidere
808 1557 849 1613 ibi
857 1558 934 1614 casu.

317 1639 459 1704 Primum,
471 1638 547 1713 quod
561 1653 664 1703 motus,
678 1652 809 1713 exempto
823 1639 903 1693 rebus
917 1639 1008 1707 inani,

274 1717 468 1784 constituunt,
483 1732 510 1773 et
523 1739 564 1774 res
575 1718 696 1783 molleis,
712 1716 835 1791 rarasque
845 1717 1043 1792 relinquunn·

212 1842 214 1848 .
271 1797 358 1863 Aera,
371 1792 580 1872 solem,'1gne1n‚
593 1811 690 1863 cerras,
701 1796 844 1864 animalia,
858 1796 967 1890 fruges:

272 1878 334 1934 Nec
347 1893 437 1933 tamen
447 1876 619 1933 admiscent
612 1898 643 1932 ιιι
656 1896 752 1932 corum
762 1896 862 1952 corpus
873 1873 968 1935 iriane.

220 2026 224 2033 ι
316 1958 426 2014 Deinde
436 1957 512 2092 quod
524 1957 640 2014 omnino
654 1957 738 2013 finem
748 1977 807 2013 non
819 1957 870 2014 esse
878 1959 1002 2016 secandis

272 2035 472 2114 Corporibucf
470 2036 575 2103 arium,
590 2057 680 2112 neque
693 2037 805 2113 pausam
817 2037 884 2106 stare
897 2036 1019 2114 fragoriz

272 2119 333 2175 Nec
355 2117 486 2194 prorsum
505 2119 536 2175 in
552 2119 634 2173 rebus
652 2117 803 2174 minimum
820 2115 959 2174 consistere
975 2119 1056 2194 quic·

402 2211 500 2274 quam:

274 2277 352 2333 Cum
364 2278 508 2335 videamus
520 2278 550 2335 id
563 2293 719 2335 extremum
731 2279 861 2355 cujusque
874 2299 1005 2338 cacumen
1039 2321 1045 2329 »

271 2356 344 2424 Effe,
355 2356 432 2432 quod
442 2358 576 2414 adsensus
585 2358 690 2414 nostros
699 2359 850 2415 minimum
860 2359 909 2417 effe
919 2360 1049 2419 videturz

274 2437 422 2514 Conjiccrc
435 2453 467 2494 ut
476 2438 556 2514 possis
569 2457 603 2493 ex
617 2437 679 2503 hoc,
694 2437 768 2512 quod
782 2459 892 2497 cernere
904 2460 962 2496 non
975 2437 1052 2515 quis,

219 2526 222 2531 ’
273 2515 438 2574 Extremum
448 2518 523 2593 quod
531 2516 643 2583 habent,
650 2518 800 2573 minimum
809 2519 947 2576 confisiere
957 2522 1050 2576 rebus.

315 2598 381 2654 Huc
394 2599 581 2658 accedititem,
598 2597 675 2673 quod
680 2599 740 2672 jam
753 2599 914 2673 primordia
928 2619 1020 2656 rerum

219 2710 221 2717 ·
272 2677 375 2735 Mollia
388 2677 570 2743 constituunt,
585 2697 647 2751 quae
661 2697 712 2732 nos
727 2678 822 2732 nativa
830 2679 959 2734 videmus

275 2755 347 2822 Effe,
363 2772 390 2812 et
398 2758 508 2812 mortali
522 2777 586 2812 cum
599 2756 863 2831 corporefunditus;
887 2758 965 2833 atqui
1009 2789 1015 2805 ·

272 2838 378 2894 Debeat
390 2835 424 2890 ad
437 2834 561 2890 nihilum
566 2837 626 2910 jam
640 2856 731 2890 rerum
744 2836 849 2891 summa
861 2839 973 2904 reverti,

274 2916 318 2972 De
329 2914 474 2989 nihiloque
488 2930 579 2970 renata
592 2914 721 2970 virescere
734 2915 816 2990 copia
829 2936 936 2972 rerum:

277 2999 412 3072 Quorum
422 3009 572 3084 utrimnque
580 2994 750 3068 quidavern,
758 3001 827 3070 jam,
839 2996 930 3062 distet,
942 2995 1070 3055 habebar.

317 3073 446 3128 Deinde
439 3073 555 3129 inimica
563 3074 654 3128 modis
665 3075 760 3129 multis
770 3075 841 3141 sunt,
858 3091 938 3149 atque
949 3097 1055 3137 ienenr

210 3185 211 3189 =
273 3153 337 3229 Ipsa
350 3153 420 3208 fibi
413 3168 485 3209 inter
498 3152 537 3217 se;
563 3173 648 3227 quare
661 3169 710 3208 aut
722 3119 859 3230 congressa
871 3155 1045 3229 peribunt,

273 3231 356 3290 Aut'
348 3246 387 3288 rte
398 3231 558 3307 diffugient,
575 3247 606 3288 ut
620 3233 775 3308 tempestate
788 3249 894 3300 coorta,

274 3311 405 3371 Fulmina
423 3310 569 3390 diffugere,
585 3329 666 3390 atque
679 3312 792 3370 imbreis
814 3314 964 3390 ventosque
975 3314 1055 3370 vide-

355 3444 361 3452 .
401 3411 476 3450 mus.
930 3393 1083 3475 Deniquex
