2359 3875
306 389 501 462 erant
542 388 837 462 erinon·
958 417 975 484 7

184 521 283 598 Quam
296 521 352 579 line
366 521 518 598 principiis
530 524 619 580 ullam
633 542 691 580 rem
701 519 812 579 existere
824 519 912 598 polle.

226 601 358 678 Denique
370 621 421 658 eur
430 601 557 660 homines
571 618 661 660 tantos
674 617 773 658 natura
786 622 883 678 parare

179 681 246 738 Non
258 682 365 758 potuit,
382 681 500 758 pedibus
512 684 560 758 qui
573 699 693 760 pontum
707 701 759 758 per
771 682 840 738 vada
851 680 957 760 pollent

179 761 321 830 Transire,
335 779 363 818 et
372 781 488 840 magnos
499 765 629 820 manibus
641 764 773 819 divellere
782 763 912 829 monteio,

180 842 330 918 Multaque
341 842 465 900 vivendo
479 844 574 900 vitalia
587 847 699 902 vincere
712 842 804 900 tacta:

181 921 209 977 si
222 943 282 980 non
296 923 424 980 materies
433 923 500 998 qnia
513 925 595 980 rebus
609 924 715 980 reddita
725 920 830 980 eerta'st

182 1002 359 1079 Gignundir,
373 1023 456 1077 equa
465 1003 567 1061 constat
576 1005 646 1080 qnid
656 1003 737 1080 pollrt
749 1004 843 1060 oriri?

183 1085 248 1140 tert
263 1083 354 1160 igitur
364 1083 424 1140 fieri
437 1085 471 1140 de
488 1103 567 1141 arno
584 1084 659 1160 polle
672 1081 863 1142 fatendum'll:

183 1165 295 1221 Semine
306 1165 420 1238 quando
431 1185 504 1240 opus
517 1162 553 1220 est
566 1167 658 1231 rebus,
674 1185 730 1240 quo
745 1185 861 1240 qunque
874 1181 970 1224 create

185 1245 270 1300 Aeris
283 1245 314 1304 in
328 1260 432 1302 teneras
445 1244 548 1322 pollent
560 1245 710 1323 proferrier
723 1265 814 1303 aurae.

228 1324 381 1392 Postremo,
397 1327 533 1400 quoniam
545 1327 660 1383 incultis
673 1325 797 1402 praellare
810 1326 937 1383 videmur

187 1407 269 1464 Culta
278 1407 351 1472 loca,
367 1420 394 1461 et
406 1408 535 1463 manibus
547 1406 673 1463 meliores
687 1407 800 1462 reddere
809 1406 904 1462 loetus:

186 1485 245 1542 Elle
254 1487 387 1544 videlicet
396 1487 426 1541 in
438 1487 516 1542 terris
525 1487 682 1563 primordia
695 1507 799 1552 rerum,

188 1569 259 1644 Quae
272 1586 334 1631 nos,
348 1565 488 1622 foecundas
501 1582 637 1624 vertentes
646 1585 757 1623 vomere
771 1569 873 1643 glebas,

186 1647 340 1721 Terraique
350 1646 440 1703 solum
454 1647 710 1723 subigentes‚cimus
723 1647 757 1703 ad
771 1663 860 1705 ortus.

188 1729 275 1805 Quod
289 1728 307 1782 fi
321 1728 399 1783 nulla
411 1726 513 1793 forent,
527 1727 621 1784 nollro
635 1727 689 1783 line
701 1748 816 1803 quaeque
829 1730 922 1787 labore

187 1809 291 1886 Sponte
305 1807 351 1864 lua
364 1808 454 1864 multo
468 1809 528 1864 lieri
542 1808 658 1864 meliora
671 1808 789 1865 videres.

228 1891 294 1946 Huc
308 1887 422 1953 accedit,
437 1889 478 1944 uti
490 1889 609 1964 quicque
623 1889 653 1944 in
663 1888 709 1946 loa
722 1909 841 1966 corpora
853 1891 963 1950 rursum

187 1970 322 2030 Diffolvat
335 1986 444 2036 natura,
456 1988 544 2044 neque
556 1969 592 2025 ad
602 1968 724 2026 nihilum
739 1972 880 2029 interimat
891 1991 945 2029 ret.

228 2054 316 2117 Nam,
329 2050 428 2124 liquid
440 2052 554 2107 mortale
568 2069 582 2105 e
596 2050 700 2107 cundlis
711 2052 836 2127 partibus
849 2052 923 2119 ell'et,

188 2133 229 2189 Ex
242 2132 332 2189 oculis
342 2150 383 2186 rer
396 2150 513 2205 qunque
524 2146 635 2208 repente
644 2148 738 2207 erepta
753 2133 872 2206 periret3

187 2212 271 2269 Nulla
285 2213 314 2269 vi
325 2210 397 2267 foret
411 2211 475 2267 usus
484 2212 571 2279 enim,
586 2232 647 2287 qnae
660 2214 786 2288 partibus
796 2215 853 2288 ejus

188 2293 345 2351 Discidium
354 2311 461 2367 parere,
477 2307 504 2348 et
513 2312 601 2349 nexos
613 2296 753 2351 exsolvere
766 2292 864 2369 pollet.

187 2376 226 2430 At
239 2394 328 2439 nune,
343 2388 445 2429 aeterrro
456 2374 523 2448 quia
531 2373 656 2429 eonllant
668 2373 768 2429 lemine
776 2394 903 2449 qunque,

186 2454 282 2510 Donec
296 2454 340 2509 vis
352 2450 435 2518 obiit,
450 2474 511 2527 qua
523 2474 564 2510 ree
571 2454 727 2509 diverberet
736 2454 802 2521 illu,

189 2536 250 2591 Ant
259 2536 336 2591 iretur
346 2548 472 2609 penetret
484 2554 535 2610 per
545 2535 651 2601 inania,
665 2534 860 2610 dilsoluatque‚

187 2615 298 2671 Nullius
311 2613 431 2670 exitium
444 2616 551 2691 patitur
563 2628 662 2670 natura
674 2614 777 2670 videri.

229 2696 374 2759 Praeterea,
389 2714 560 2769 quaeeunque
568 2694 699 2751 vetullate
707 2708 818 2749 amovet
830 2708 903 2761 πω,

188 2772 216 2831 si
226 2777 340 2851 penitus
351 2774 465 2849 perimit
476 2775 641 2832 consumens
652 2774 793 2830 materiem
805 2794 936 2842 omnem,

188 2854 396 2911 Undeanimale
405 2873 492 2930 genus
503 2858 654 2930 generatim
668 2856 699 2910 in
713 2855 819 2911 lumina
831 2857 894 2912 vita·

188 2934 330 2990 Reddueit
340 2932 479 2991 Varios?
499 2951 547 2990 aut
559 2935 723 2992 reddullum
736 2934 841 2992 daedala
855 2938 933 2992 tellus

189 3012 272 3071 Unde
283 3014 347 3080 alit,
360 3028 442 3088 atque
454 3029 546 3091 anget,
562 3016 820 3092 generatimpabula
831 3016 974 3091 praebene?

189 3093 272 3150 Unde
280 3113 355 3149 mare
366 3094 484 3170 ingenui
496 3094 597 3163 fontei,
611 3096 866 3171 externaquelonge

186 3174 315 3231 Flumina
326 3173 527 3250 suppeditant?
547 3175 622 3233 unde
636 3174 719 3231 aether
732 3173 815 3231 lidera
830 3175 933 3250 pascit?

87 3309 91 3315 ,
190 3252 293 3311 Omnia
307 3256 384 3310 enim
394 3254 487 3322 debet,
510 3255 622 3312 mortali
636 3274 752 3329 corpore
765 3274 826 3329 quae
839 3253 914 3323 lunt,

190 3332 307 3394 Infinita
315 3349 378 3395 atas
391 3334 530 3395 consumte
541 3334 663 3403 antea&
674 3333 797 3411 diesque.
834 3394 836 3401 ,
882 3394 885 3401 ,

887 3412 979 3493 Qoa
