2359 3875
206 469 273 536 ru
392 444 849 516 rrucnrrrr

203 580 279 632 Cum
291 574 398 631 tuimur
410 574 516 630 misceri
532 573 676 640 absinthia,
689 576 778 650 tangit
791 594 915 631 amaror:

203 658 230 712 U
234 655 365 730 squeadeo
377 656 510 710 omnibus
523 654 557 710 ab
571 656 653 711 rebus
664 675 705 709 res
717 674 830 729 quaque
842 656 959 711 fluenter

204 741 313 798 Fertur,
325 751 351 788 et
361 735 388 789 in
404 732 512 791 eundae
525 735 681 791 dimittitur
695 735 819 809 undique
834 736 950 809 parteis:

201 818 259 871 Nee
273 834 360 879 mora,
376 835 426 869 nec
441 815 547 889 requies
558 816 633 870 inter
644 815 726 869 datur
741 817 796 870 ulla
811 814 928 878 fluendi,

200 899 342 970 Perpetuo
354 894 490 969 quoniam
506 893 646 959 sentimus,
663 911 688 949 et
702 896 798 951 omnia
810 893 913 968 semper

200 978 334 1038 Cernere,
348 974 462 1030 odorari
475 974 548 1038 licet,
563 991 589 1028 et
601 974 697 1029 sentire
712 975 848 1028 sonorem.

245 1057 271 1110 N
275 1075 328 1109 une
339 1073 434 1110 omnes
445 1069 563 1128 repetam
572 1075 654 1127 quarn
666 1074 726 1110 raro
740 1073 857 1128 corpore
872 1052 922 1107 sint
932 1072 984 1118 res,

201 1139 441 1199 commemorare,
464 1134 539 1209 quod
561 1134 590 1189 in
614 1136 709 1212 primo
729 1153 843 1209 quoque
863 1133 986 1188 carmine

284 1217 377 1270 claret.

200 1297 319 1372 Quippe
333 1295 445 1359 etenim,
456 1314 625 1369 quamquam
641 1296 741 1351 multas
754 1291 805 1349 hoc
820 1293 940 1369 pertinet
953 1291 988 1348 ad

227 1415 230 1420 -
283 1395 323 1430 res

201 1456 329 1519 Noscere,
345 1476 408 1510 cum
424 1456 523 1529 primis
537 1454 608 1510 hanc
622 1456 655 1510 ad
670 1475 727 1510 rem
744 1456 872 1533 protinus
886 1450 984 1527 ipsam,

201 1539 268 1610 Qua
282 1537 314 1589 de
328 1534 454 1589 differere
466 1535 623 1610 aggredior,
637 1536 744 1592 srrmure
758 1533 903 1595 necessest,

203 1618 251 1670 Ml
268 1615 317 1669 ell'e
331 1617 359 1669 in
374 1633 522 1690 promptu,
538 1614 588 1669 nist
604 1615 714 1670 millum
728 1635 830 1692 corpus
846 1610 939 1672 Inani.
995 1643 1004 1653 r

244 1696 447 1769 Principium,
464 1709 494 1748 ut
511 1695 539 1749 in
555 1695 693 1768 speluncis
703 1694 763 1752 saxa
777 1696 893 1771 superna

201 1776 305 1831 Sudent
319 1773 449 1836 humore,
461 1790 487 1828 et
501 1777 585 1848 guttis
598 1773 770 1832 manantibu'
786 1778 900 1833 stillent:

199 1858 299 1913 lllanat
310 1857 378 1910 item
392 1856 500 1909 nobise
515 1871 572 1911 toto
586 1875 704 1930 corpore
715 1854 807 1922 sudor,

202 1935 309 1992 Crescit
319 1936 413 2001 barba,
426 1936 534 2010 pilique
543 1957 593 2011 per
602 1938 698 1992 omnia
709 1940 842 2002 membra,
856 1958 906 2014 per
914 1953 989 1995 artus

202 2017 317 2072 Diditus
331 2017 361 2072 in
376 2036 456 2071 venas
470 2018 548 2072 cibus
562 2019 680 2083 omneis,
696 2033 787 2093 auget,
804 2019 906 2092 alitque

199 2099 336 2172 Corporis
350 2111 484 2152 extremas
497 2117 608 2172 quoque
619 2098 730 2172 parteis,
746 2098 981 2174 unguiculosqne.

200 2180 301 2251 Frigus
316 2179 382 2232 item
397 2177 506 2232 tranire
523 2197 628 2252 peras,
645 2177 822 2252 calidumque
833 2197 967 2254 vaporem

201 2259 357 2315 Sentimus:
373 2257 504 2312 sentimus
518 2259 584 2312 item
599 2258 708 2313 tranfire
720 2279 892 2334 perunum,

200 2342 295 2410 Atque
308 2356 359 2411 per
372 2351 529 2412 argentum,
546 2357 610 2393 curn
627 2340 725 2412 pocula
741 2340 822 2415 plena
837 2356 973 2398 tenemus.

202 2418 332 2490 Denique
346 2436 397 2490 per
408 2415 524 2491 dissepta
537 2417 686 2473 domorum
700 2419 774 2475 saxea
785 2439 864 2475 voees

202 2500 383 2562 Pervolitant,
400 2498 632 2572 permanatodos‚
649 2499 802 2574 frigusque,
818 2500 957 2576 vaposque

162 2588 170 2601 '
201 2578 296 2652 ignis:
313 2577 384 2652 quin
397 2578 463 2632 ferri
476 2598 588 2655 quoque
603 2579 661 2635 vim
677 2595 816 2655 penetrare
831 2580 927 2646 suevit,

204 2659 339 2732 Undique
352 2678 405 2732 qua
415 2658 522 2714 circum
535 2679 638 2734 corpus
652 2661 734 2715 lorica
746 2675 861 2725 coercet,

201 2739 334 2794 Morbida
345 2739 385 2794 vis
398 2758 571 2814 quacunque
585 2740 751 2795 extrinsecus
765 2740 931 2798 insinuatur.

205 2821 239 2889 lit
250 2819 419 2894 tempestates
428 2836 499 2874 terra
513 2822 742 2894 coeloquecoortae

201 2900 225 2954 E
238 2901 307 2954 coelo
319 2913 415 2953 emotae
430 2913 555 2974 terraque
569 2916 681 2975 repente
692 2897 833 2965 facessunt,

201 2976 441 3055 Quandoquidem
450 2976 523 3034 nihil
537 2978 583 3045 est,
597 2998 654 3035 non
666 2999 727 3045 raro
737 3000 854 3056 corpore
865 3001 980 3041 nexum.

243 3060 308 3113 Huc
321 3059 436 3121 accedit,
453 3060 495 3114 uti
507 3079 564 3115 non
579 3061 684 3128 omnia,
700 3080 761 3136 que
768 3061 913 3136 jaciuntur

201 3143 330 3214 Corpora
344 3158 453 3214 cunque
466 3141 499 3196 ab
514 3141 607 3204 rebus,
623 3140 721 3197 eodem
737 3141 853 3216 praedita
866 3143 953 3213 sensu,

200 3223 295 3294 Atque
309 3218 404 3274 eodem
419 3219 591 3295 pastorebus
605 3220 656 3276 srnt
669 3222 800 3278 omnibus
813 3238 892 3298 apta.

198 3298 355 3374 Principio,
372 3314 471 3356 terram
487 3301 524 3356 sol
537 3301 678 3376 excoquit,
694 3300 794 3360 etfacit
806 3323 869 3358 are:

187 3382 232 3439 At
240 3381 363 3461 glaciem
372 3381 512 3452 dissolvit,
527 3396 553 3439 et
566 3382 629 3440 altis
640 3382 785 3440 montibus
797 3383 852 3439 alte

826 3460 983 3520 uturum
