2359 3875
289 438 493 509 creuit
537 437 799 511 saurus,
872 447 977 533 ω

192 567 484 645 Exstrudlasningueis
499 569 583 627 radiis
599 569 732 627 tabescere
741 569 831 645 cogit:

192 650 321 723 Denique
336 671 396 707 cera
413 650 539 725 liquescit
552 651 583 706 in
597 652 655 727 ejus
665 650 741 727 posta
754 668 857 725 vapore
869 670 877 713 ;

193 730 273 805 Ignis
287 732 355 786 item
365 731 506 807 liquidum
517 729 581 786 facit
593 751 637 797 τε,
649 750 802 805 aurumque
816 727 942 784 resolvit:

193 812 235 865 At
249 811 335 877 coria,
351 826 376 867 et
390 831 499 866 carnem
515 810 610 876 trahit,
624 829 651 867 et
662 811 795 868 conducit
809 811 838 865 in
850 829 953 865 unum.

193 891 306 947 Humor
315 912 391 964 aquae
405 911 490 967 porro
504 891 608 947 ferrum
621 892 757 948 condurat
769 894 803 946 ab
816 888 892 965 igni-3

193 972 235 1025 At
248 972 333 1038 coria,
349 987 375 1027 et
390 992 499 1027 curnem
514 972 605 1028 mollit
618 971 714 1028 durata
724 973 829 1027 calore:

196 1051 358 1127 Barbigeras
371 1050 482 1107 oleaster
495 1072 527 1107 eo
536 1054 618 1127 juvat
632 1052 716 1128 usque
729 1053 859 1126 capellas,

194 1130 313 1186 Diffluat
326 1133 457 1187 ambrosia
467 1132 541 1205 quafi
553 1151 631 1197 vero,
653 1148 679 1186 et
688 1131 793 1188 nederc
804 1129 919 1187 tindlus:

185 1211 237 1265 ·At
247 1210 320 1267 nihil
330 1212 376 1279 est,
389 1211 497 1268 homini
508 1211 605 1267 fronde
616 1211 666 1267 hac
676 1212 751 1288 quod
761 1211 880 1267 amarius
891 1223 977 1266 extet.

195 1291 325 1365 Denique
339 1294 525 1348 amaracinum
541 1292 641 1368 fugitat
655 1292 709 1357 sus,
723 1294 841 1349 et'timet
853 1309 937 1345 omne

167 1369 171 1378 ¹
195 1371 396 1447 Unguentum
411 1394 485 1437 nam,
498 1373 618 1448 setigeris
629 1374 711 1429 lubus
720 1392 780 1428 acre
791 1365 976 1435 venenum'st,

197 1453 285 1526 Quod
296 1474 346 1509 nos
359 1454 502 1508 interdum
516 1469 648 1528 tanquam
663 1473 782 1509 recreare
797 1451 919 1507 videtur.

195 1533 237 1587 At
251 1549 346 1588 contra
359 1535 438 1588 nobis
452 1555 562 1589 coenum
576 1534 715 1590 teterrima
726 1554 789 1589 cnm
801 1533 832 1588 lit

196 1614 358 1687 Spurcities‚
371 1614 465 1669 eadem
480 1614 574 1680 subus,
589 1613 645 1670 hac
658 1634 696 1669 res
707 1613 811 1669 munda
824 1612 946 1677 videtur,

197 1692 395 1749 Insatiabiliter
407 1696 457 1749 toti
477 1711 507 1750 ut
521 1697 673 1751 volvantur
687 1694 802 1750 ibidem.

240 1775 304 1828 Hoc
318 1776 400 1829 etiam
416 1774 544 1848 superest,
559 1776 616 1850 ipsa
626 1795 710 1850 quam
723 1776 816 1830 dicere
829 1775 863 1831 de
877 1795 905 1830 re

196 1854 367 1929 Aggredior,
383 1855 457 1927 quod
471 1856 622 1910 dicendum
635 1859 712 1929 prius
725 1855 776 1909 elle
791 1856 915 1911 videtur.

198 1934 291 1991 Multa
305 1935 441 1990 loramina
452 1956 514 1991 cum
529 1938 612 1991 variis
627 1938 677 1991 lint
688 1936 795 1991 reddita
808 1939 903 2002 rebus,

198 2015 331 2071 Diffimili
346 2017 417 2070 inter
431 2016 454 2069 se
467 2031 564 2071 natum
579 2016 804 2090 praeditadebent

199 2095 270 2157 Ell'e,
286 2111 311 2150 et
327 2094 425 2150 habere
436 2096 510 2151 suam
525 2112 651 2150 naturam
665 2115 790 2169 queque,
802 2095 930 2169 viasque3

199 2178 318 2251 Quippe
331 2177 432 2230 etenim
446 2177 515 2230 varii
531 2175 622 2232 sensus
634 2177 824 2232 animantibus
837 2175 944 2242 insunt,

199 2258 331 2332 Quorum
346 2256 460 2330 quilque
472 2257 547 2311 luam
559 2258 674 2332 proprie
689 2276 746 2311 rem
761 2256 882 2331 percipit
896 2257 926 2311 in
941 2255 979 2311 se.

198 2338 272 2392 Nam
283 2352 424 2411 penetrare
437 2339 491 2393 alia
502 2336 619 2402 sonitus,
634 2339 741 2412 aliaque
754 2338 879 2413 saporem

200 2417 350 2472 Cernimus
363 2437 376 2471 e
392 2417 486 2481 suecis,
503 2419 556 2472 alia
571 2418 680 2473 nidoris
690 2418 800 2483 odores,

198 2497 482 2573 Propterdiffimilem
496 2513 634 2562 naturam,
652 2513 778 2570 textaque
792 2517 901 2555 rerum:

199 2578 333 2633 Praeterea
343 2597 453 2634 manare
466 2577 541 2632 aliud
553 2598 603 2652 per
616 2577 676 2632 laxa
690 2579 817 2642 videtur3

200 2656 296 2731 Atque
305 2658 382 2713 aliud
395 2677 443 2732 per
453 2659 545 2732 ligna3
560 2657 637 2712 aliud
649 2657 756 2712 tranlire
768 2677 817 2732 per
829 2677 946 2725 aurum3

200 2738 382 2812 Argentoque
396 2737 563 2802 lorasaliud‚
576 2738 705 2811 vitroque
720 2757 820 2793 meare.

200 2819 275 2873 Nam
287 2818 371 2874 lluere
381 2816 431 2873 hac
445 2819 554 2893 species,
570 2818 634 2873 illac
645 2820 721 2873 calor
732 2818 771 2873 ire
785 2818 904 2884 videtur,

198 2898 295 2972 Atque
307 2898 367 2953 aliis
380 2899 457 2955 aliud
471 2899 554 2953 citius
565 2897 747 2954 transmittere
759 2896 865 2954 eadem.

201 2979 312 3033 Scilicet
325 2979 355 3033 id
370 2979 428 3034 lieri
443 2981 517 3052 cogit
530 2993 630 3033 natura
644 2978 764 3042 viarum,

199 3058 379 3114 Multimodis
394 3059 514 3123 varians,
526 3073 558 3114 ut
568 3061 664 3134 paullo
674 3057 845 3115 ostendimus
855 3074 928 3116 ante.

201 3139 386 3214 Quapropter
399 3139 467 3193 bene
478 3140 526 3194 ubi
537 3137 594 3195 hac
608 3140 770 3196 confirmata
782 3154 862 3213 atque
875 3142 963 3197 locata

201 3216 307 3273 Omnia
317 3217 488 3275 constiterint
499 3219 580 3275 nobis
593 3218 739 3296 praepolla,
755 3234 857 3294 parata:

201 3297 290 3372 Quod
303 3298 430 3375 superest,
443 3298 522 3356 facile
531 3298 598 3355 hinc
609 3303 678 3356 ratio
691 3299 831 3367 reddetur,
847 3314 874 3356 et
887 3300 978 3356 omnis

199 3376 289 3434 caula
303 3379 424 3456 patefiet,
439 3400 500 3455 qua
512 3379 579 3437 ferri
595 3380 717 3456 pelliciat
730 3380 801 3443 time

568 3463 588 3525 S
599 3480 618 3545 3
832 3455 1016 3532 ἳξψξῖᾗᾶῦπ
