2359 3875
206 448 269 517 162
339 502 342 509 .
387 443 427 513 T.
466 438 853 512 LUCRETII

199 572 360 631 Arboribus
372 585 476 629 veteres
488 570 614 627 decidere
624 565 737 627 salcibu'
754 587 857 624 ramos.

201 652 289 728 Quod
303 652 353 718 sol,
375 667 456 727 atque
468 652 571 709 imbres
584 650 729 717 dederant,
742 649 820 726 quud
842 662 915 704 terra
932 664 990 703 cre·

281 748 340 789 iras
409 789 412 794 ,

200 813 305 887 Sponte
315 813 373 878 sua,
388 812 450 868 satis
459 812 489 867 id
504 812 628 886 placabat
641 809 750 887 peslora
764 809 890 868 donum:

201 891 377 949 Glandiseri's
389 892 462 950 inter
471 912 537 947 cura
550 894 617 948 bant
631 910 754 967 corpora
766 908 888 965 quercus

200 971 379 1047 Plerumque,
396 990 422 1027 er
435 992 497 1047 quae
507 992 583 1028 nunc
597 969 717 1028 hiberno
731 986 855 1047 ternpore
868 969 960 1027 cernis

198 1050 311 1107 Arbuta
325 1054 455 1109 Poeniceo
468 1051 528 1109 fieri
541 1066 651 1109 matura
662 1052 766 1118 colore,

200 1130 327 1208 Plurima
342 1148 402 1189 tum
417 1132 590 1190 tellusetiam
603 1133 707 1207 majora
721 1130 838 1189 serebat:

199 1212 347 1286 Multaque
356 1228 490 1289 praetem
503 1213 609 1267 novitas
625 1227 685 1266 turn
700 1212 800 1268 llorida
813 1211 916 1269 mundi

124 1347 128 1354 ,
199 1290 306 1369 Pabula
320 1294 367 1348 dia
383 1293 458 1358 tulit,
474 1291 579 1347 miseris
594 1292 760 1348 mortalibus
773 1293 882 1367 ampla.

200 1369 243 1430 At
258 1372 346 1428 sedare
360 1374 432 1428 stim
447 1372 528 1428 fluvii
540 1369 682 1444 sontesque
696 1372 851 1428 vocabant:

201 1452 242 1508 Ut
255 1472 332 1507 nunc
346 1454 491 1509 montibus
504 1472 518 1507 e
534 1451 644 1524 magnis
656 1451 787 1507 decursus
800 1454 885 1527 aquai

199 1532 345 1592 Clarlcitat
358 1532 540 1589 latelitientia
552 1528 769 1588 saeclaserarum.

198 1610 329 1687 Denique
340 1612 479 1688 noslivagi
493 1609 622 1667 silvellria
633 1615 735 1686 templa
745 1613 876 1669 tenebant

198 1690 415 1769 Nympharum,
430 1691 653 1766 quibusexibant
667 1690 783 1748 humore
794 1692 900 1751 fluenta

199 1771 333 1838 Lubrica,
347 1772 477 1847 proluvie
491 1774 566 1846 larga
580 1772 670 1828 lavere
683 1770 801 1829 humida
814 1773 889 1842 saxa,

198 1850 326 1909 Humida
339 1853 401 1908 saxa
414 1852 495 1926 super
508 1850 596 1906 viridi
612 1849 741 1907 llillantia
755 1852 861 1918 muse0‚

199 1932 236 1990 Et
250 1933 349 2007 partim
364 1935 448 2009 plano
462 1932 558 1988 scatere
571 1947 653 2005 atquc
665 1952 812 2008 erumpere
825 1954 937 2012 campo.

199 2054 203 2063 .
226 2042 228 2051 =
241 2013 371 2069 Necdum
380 2034 421 2069 res
432 2015 492 2088 igni
504 2011 608 2067 scibant
618 2011 741 2078 trasiare,
757 2033 806 2068 nec
818 2015 863 2070 uti

89 2125 94 2131 -
197 2091 335 2159 Pellibus,
350 2111 377 2149 et
389 2094 484 2170 spoliis
493 2112 595 2167 corpus
608 2091 704 2147 vestire
714 2090 854 2164 serarum:

198 2173 251 2231 Sed
270 2194 394 2241 nemora,
411 2189 491 2249 atque
512 2190 594 2227 cavos
607 2173 735 2239 monteis,
757 2173 899 2252 sylvasque
911 2177 982 2234 eole-

279 2255 357 2319 bant,
505 2258 509 2265 ’
785 2281 787 2285 ·

197 2334 233 2389 Et
248 2333 359 2389 frutices
370 2334 442 2388 inter
456 2332 611 2388 condebant
624 2333 867 2408 squlidamembra,

198 2415 323 2470 Verbera
335 2429 483 2470 ventorum
498 2414 583 2468 vitare
594 2414 759 2488 imbreisque
770 2416 868 2473 eoasli.

197 2495 256 2550 Nec
266 2513 413 2549 commune
428 2495 534 2549 bonum
547 2508 674 2568 poterant
685 2494 699 2548 s
699 2495 815 2569 peslare,
829 2517 880 2554 nec
890 2498 955 2556 ullis

196 2575 325 2631 Moribus
337 2575 408 2629 inter
423 2574 446 2628 se
461 2573 573 2641 scibant,
588 2594 638 2629 nec
652 2576 759 2649 legibus
770 2575 825 2632 uti.

198 2656 286 2731 Quod
301 2656 399 2729 cuique
412 2656 550 2710 obtulera't
566 2653 664 2728 praedae
677 2655 800 2722 fortune,
816 2655 932 2725 screbat,

196 2736 299 2810 Sponte
313 2736 422 2792 suafibi
436 2734 550 2809 quisquc
564 2734 653 2788 valere
665 2735 796 2790 erssvivere
806 2736 915 2794 dusius.

197 2816 233 2870 Et
244 2816 381 2872 Venusin
390 2814 477 2891 sylvis
485 2813 621 2889 jungebat
633 2832 753 2888 corpora
766 2832 927 2874 amantum:

197 2897 375 2953 Conciliabat
388 2895 463 2950 enim
477 2894 521 2948 vel
537 2909 636 2948 mutua
648 2913 787 2967 quumque
801 2897 916 2972 cupid0,

196 2976 251 3032 Vel
267 2978 387 3032 violenta
399 2973 454 3028 viri
463 2973 515 3039 vis,
527 2988 608 3050 atque
621 2972 743 3048 impensa
756 2976 857 3042 libido,

195 3057 249 3111 Vel
262 3057 395 3131 pretium,
411 3053 532 3128 glandes,
544 3069 625 3128 atque
639 3056 746 3120 arbuta,
762 3057 806 3110 vel
822 3058 883 3133 pira
898 3058 976 3114 lesia·

197 3136 233 3192 Et
244 3154 377 3191 manuum
392 3135 463 3188 mira
474 3133 535 3190 sceti
549 3135 664 3199 virtute,
679 3135 849 3210 pedumque,

195 3216 431 3273 Conseslabantur
442 3215 578 3292 sylvestria
587 3215 659 3270 l'aeela
673 3213 793 3271 serarum

193 3296 344 3354 Missilibus
358 3295 440 3363 saxis,
451 3312 477 3351 et
489 3315 589 3371 magno
606 3295 727 3370 pqndcre
741 3299 836 3354 clava:

77 3376 83 3397 ‘
188 3376 338 3456 Multaque
347 3377 508 3446 vincebant,
522 3376 648 3435 vitabant
660 3394 746 3453 pauca
757 3371 881 3443 latebris}

805 3457 986 3530 &natisque
