2359 3875
270 436 824 552 maraoormvo
884 440 944 508 161

167 572 290 628 Flamma
303 573 417 646 quidem
428 591 494 628 vero
506 591 569 630 cum
582 591 700 649 corpora
710 573 787 630 fulva
801 574 917 630 leonum
934 609 953 622 .-

164 652 236 706 Tam
251 651 332 708 soleat
347 668 461 720 torrere,
476 668 558 727 atque
571 672 661 718 urere,
672 672 756 726 quam
771 671 856 727 genus
866 666 949 718 omne

166 730 299 798 visceris,
316 733 346 787 in
361 734 441 788 terris
451 733 639 808 quodcunque
653 749 680 788 et
694 734 831 808 sanguinis
844 743 931 787 extet:

165 811 225 886 Qui
241 812 302 867 fieri
314 813 419 887 potuit,
436 812 540 888 triplici
554 832 618 868 curn
632 809 747 888 corpore
760 827 793 868 ut
804 831 860 868 una

163 890 259 947 Prima
272 894 327 956 leo,
342 891 479 967 postrema
491 893 585 959 draco,
601 892 689 947 medra
702 892 761 966 ipsa
774 888 914 947 Chimera

164 969 222 1026 Ore
236 970 311 1026 foras
322 990 412 1027 acrem
422 971 523 1028 efflaret
534 972 568 1028 de
582 990 701 1048 corpore
714 969 876 1028 flammam?

167 1051 263 1125 Quare
276 1051 360 1106 etiam
374 1052 471 1107 tellure
485 1070 569 1117 nova,
584 1054 710 1125 coeloque
721 1052 825 1109 recenti

161 1129 243 1186 Talia
257 1130 308 1205 qui
324 1130 406 1205 fingit
420 1129 536 1207 potuiffe
549 1131 679 1187 animalia
688 1131 778 1206 gigni,

162 1210 256 1266 Nixus
269 1210 300 1264 in
310 1208 362 1265 hoc
377 1229 432 1266 uno
442 1211 573 1268 novitatis
586 1211 700 1267 nomine
713 1210 805 1276 inani,

161 1289 254 1345 Multa
267 1289 332 1344 licet
344 1290 427 1345 fimiii
441 1290 547 1346 ratione
560 1288 669 1346 effutiat
680 1308 744 1345 ore:

163 1371 258 1425 Aurea
272 1384 332 1425 tum
343 1370 418 1424 dicat
427 1389 479 1444 per
488 1386 571 1426 terras
585 1369 701 1425 flumina
716 1370 799 1443 volgo

163 1448 295 1514 Fluxiffe‚
307 1465 334 1504 et
347 1450 463 1525 gemmis
477 1449 575 1506 florere
587 1447 696 1505 arbusta
706 1447 803 1505 suesse:

161 1528 221 1584 Aut
230 1528 384 1585 Hominem
391 1542 468 1584 tanto
476 1531 670 1586 membrorum
679 1526 729 1585 effe
739 1530 958 1604 impetena'tum.

160 1608 250 1665 Trans
264 1609 350 1664 maria
363 1610 415 1665 alta
424 1609 530 1685 pedum
539 1609 613 1665 nisus
626 1625 657 1664 ut
672 1628 775 1684 ponere
786 1605 890 1685 poffeta

161 1688 195 1743 Ει
205 1688 337 1745 manibus
347 1702 437 1745 totum
451 1690 559 1745 circum
569 1689 595 1744 se
604 1705 710 1746 vertere
719 1691 832 1746 coelum.

160 1768 234 1824 Nam
248 1768 326 1843 quod
339 1769 427 1826 multa
440 1768 515 1826 fuere
525 1770 556 1825 in
571 1771 649 1825 terris
663 1768 765 1836 semina
778 1790 884 1837 rerum.

158 1848 300 1923 Tempore
310 1852 370 1923 'quo
379 1847 503 1924 primum
518 1849 596 1904 tellus
609 1847 742 1905 animalia
753 1848 846 1915 fudit;

159 1929 210 1985 Nil
224 1946 316 1985 tamen
326 1928 363 1985 est
378 1927 455 2004 figni‚
472 1929 562 1986 mistas
576 1927 694 2006 potuiffe
703 1928 790 1986 creari

160 2009 272 2064 Interse
287 2010 417 2083 pecudes,
429 2009 625 2085 compadaque
638 2011 764 2065 membra
772 2008 961 2083 andma‘ntum:

160 2089 316 2165 Ptopterea
329 2090 395 2163 quia
409 2091 517 2163 quade
532 2091 612 2146 terris
631 2109 707 2145 nunc
720 2107 832 2164 quoque
854 2087 958 2144 abun-'

194 2193 199 2222 ·.
243 2170 312 2224 dant

159 2250 319 2305 Herbarum
334 2270 443 2325 genera,
459 2271 488 2307 ac
502 2249 605 2328 fruges,
618 2250 778 2325 arbustaque
790 2251 861 2316 laeta,

158 2329 226 2385 Non
241 2345 332 2387 tamen
347 2333 420 2386 inter
434 2331 458 2385 se
473 2332 574 2406 poffint
587 2334 731 2408 complexa
741 2330 846 2387 creari.

160 2411 216 2466 Res
227 2411 259 2466 [ic
271 2429 385 2484 quaeque
400 2409 445 2465 suo
460 2413 515 2464 ritu
529 2413 668 2487 procedit,
681 2428 707 2466 et
720 2431 816 2468 omnes

159 2490 273 2546 Foedere
285 2505 390 2545 naturae
404 2505 477 2546 certo
490 2491 653 2546 discrimina
667 2492 786 2546 servant.

203 2571 239 2624 Et
252 2588 338 2646 genus
353 2567 509 2627 humanum
524 2572 612 2626 multo
626 2570 762 2626 fuitillud
775 2571 806 2625 in
815 2568 891 2624 arvia

158 2649 278 2714 Durius,
293 2663 325 2705 ut
337 2649 443 2716 decuit,
460 2650 539 2705 tellus
551 2649 629 2724 quod
638 2649 710 2705 dura
722 2646 848 2711 creaffet3

160 2730 197 2783 Et
211 2728 364 2804 majoribus
376 2740 403 2783 et
415 2727 511 2783 solidis
522 2729 610 2803 magis
621 2727 721 2784 offibus
735 2726 811 2787 intua

159 2806 334 2874 fundatum,
349 2820 376 2862 et
388 2805 489 2864 validis
500 2821 600 2882 aptum
613 2827 664 2884 pet
676 2805 779 2864 viscera
787 2804 896 2870 nervisr

158 2888 217 2945 Nec
228 2885 307 2944 facile
315 2906 351 2943 ex
363 2885 439 2953 astu,
453 2906 503 2942 nec
518 2884 620 2962 frigore
634 2885 711 2962 quod
723 2898 880 2964 caperetur,

158 2968 217 3023 Nec
230 2968 355 3023 novitate
367 2967 423 3023 cibi
434 2986 486 3022 nec
499 2967 556 3023 labi
565 2966 694 3043 corporis
706 2969 775 3024 ulla.

158 3047 308 3121 Multaque
321 3066 372 3123 per
379 3048 482 3103 colum
495 3046 557 3103 solis
571 3047 713 3103 volventia
725 3046 811 3104 lustra

159 3127 318 3204 volgivago
332 3127 419 3183 vitam
433 3125 582 3183 tradabant
594 3147 672 3183 more
686 3125 818 3184 ferarum.

103 3233 106 3237 ·
158 3208 216 3264 Nec
230 3205 356 3263 robustus
369 3221 426 3262 erat
440 3207 521 3264 curvi
535 3205 695 3262 moderator
707 3207 793 3262 aratri

158 3287 330 3364 Quisquam.
345 3305 395 3341 nec
404 3285 487 3342 scibat
498 3284 573 3344 ferro
581 3285 708 3341 molirier
715 3305 798 3351 arraz

157 3369 217 3427 Nec
230 3385 304 3428 nova
316 3363 445 3424 defodere
457 3364 494 3445 ³¹¹.
503 3380 604 3426 terram
613 3363 745 3442 virgum,
760 3384 812 3430 nec,
823 3364 886 3422 alais

785 3443 950 3502 Arbor'dom
