2359 3875
253 432 456 505 LIBER
497 433 799 533 QUINTUS.
879 456 941 525 173

158 562 323 621 Turbabant
336 565 397 622 sevi
412 568 491 624 nullo
500 567 661 623 discrimine
675 580 789 633 turmae,

158 643 304 701 Terrisicas
317 647 442 722 capitum
453 648 610 723 quatientes
624 648 750 722 undique
764 644 872 710 tristare

155 724 215 779 Nec
230 741 360 801 poterant
372 728 477 802 equites
490 726 604 783 fremitu
614 728 760 802 perterrita
772 744 910 800 equorum

157 804 267 861 Pestora
282 808 413 873 mulcere,
429 821 456 862 et
465 806 557 863 sraenis
569 822 726 863 convertere
735 808 766 862 in
778 804 889 862 hosseit.

157 885 275 941 Inritata
286 888 334 941 lea
350 887 490 962 jaciebant
504 906 623 962 corpora
636 888 707 943 saltu

155 962 302 1039 Undique,
317 980 344 1020 et
356 965 505 1024 advorsum
519 967 695 1024 venientibus
704 986 752 1023 ora
760 964 906 1042 petebant:

154 1042 190 1097 Et
202 1045 427 1121 nec-opinanteir
440 1068 456 1103 a
471 1062 545 1123 tergo
558 1047 742 1121 diripiebant,

156 1122 343 1199 Depsexaeque
352 1126 388 1181 da
398 1127 465 1182 bant
477 1128 508 1182 iu
522 1141 622 1183 terram
632 1129 743 1184 volnere
754 1126 871 1190 vindos,

156 1202 409 1261 Morfibunadsixae
418 1206 531 1273 validis,
543 1220 626 1283 atque
637 1208 779 1283 unguibus
793 1206 884 1262 turcii.

148 1282 348 1358 Jasiabantque
361 1285 419 1341 suet
434 1287 516 1352 tauri,
534 1287 705 1362 pedibusque
719 1287 856 1349 terebant3

155 1364 190 1418 Et
203 1365 299 1429 latera,
309 1384 342 1420 ac
355 1382 462 1422 ventres
473 1366 623 1423 hauribant
636 1366 728 1423 subter
740 1382 877 1439 equorum
944 1411 950 1418 .

155 1444 310 1511 Cornibur,
325 1445 360 1501 ad
372 1460 526 1520 terramque
537 1447 661 1503 minanti
675 1461 766 1502 mente
781 1446 909 1501 ruebant.

155 1525 196 1579 At
210 1524 311 1579 validis
325 1524 412 1582 socios
426 1526 567 1582 caedebant
580 1526 711 1583 dentibus
724 1526 797 1601 apri,

157 1604 258 1659 “Tela
272 1603 389 1661 intrasse
402 1605 449 1662 suo
462 1607 620 1682 tinguentes
634 1606 764 1681 sanguine
777 1605 851 1673 saevi,

156 1688 177 1713 ⁸‘
186 1676 227 1739 'sn
242 1683 360 1741 sesrasia
372 1685 422 1742 suo
432 1687 589 1761 tinguentes
602 1686 736 1761 sanguine
749 1689 812 1753 tela,
924 1688 929 1695 '

154 1763 351 1837 Permisiasque
366 1766 468 1822 dabant
481 1768 609 1840 equitum
625 1766 808 1842 peditumque
821 1767 927 1824 ruinae.

155 1845 229 1900 Nam
245 1844 391 1902 transversa
405 1845 476 1903 seros
486 1847 598 1901 exibant
611 1848 702 1903 dentis
714 1847 824 1903 adadun

148 1924 292 1997 Jumenta,
304 1940 351 1981 aut
363 1925 483 2000 pedibus
495 1940 591 1982 ventos
604 1924 690 1981 erebia
704 1924 849 2000 petebant:
864 1976 866 1983 .

153 2006 367 2078 Nequicquam;
391 2007 526 2080 quoniam
540 2027 556 2061 a
570 2007 662 2061 nervis
675 2004 776 2061 succisa
789 2005 896 2062 videret
938 2018 941 2031 ¹

154 2085 323 2150 Concidere,
339 2101 420 2160 atque
433 2087 512 2161 gravi
528 2102 627 2143 terram
641 2083 809 2142 consternere
818 2084 895 2140 casu.
948 2120 950 2125 -

153 2165 207 2231 Sic,
223 2185 293 2239 quos
306 2181 369 2223 ante
380 2165 460 2223 domi
472 2167 596 2222 domitos
609 2166 669 2222 satir
681 2164 732 2221 esse
746 2166 892 2241 putabant,

152 2243 332 2303 Efferviscere
344 2248 491 2303 cernebant
504 2249 534 2302 in
550 2249 630 2302 rebus
643 2246 772 2322 agundiS,

153 2324 479 2392 Vulneribua,clamore,
496 2326 572 2403 suga,
584 2342 700 2393 terrore,
717 2329 857 2385 tumultu:

153 2405 213 2461 Nec
228 2420 355 2480 poterant
368 2408 455 2463 ullam
471 2423 574 2481 partem
588 2406 738 2464 redducere
748 2428 856 2464 eorum.
879 2413 883 2441 ³
943 2410 946 2415 ’

153 2481 327 2560 Diffugiebat
340 2486 415 2541 euim
430 2487 539 2542 varium
553 2506 638 2562 genus
652 2507 736 2543 omne
749 2486 890 2543 serarum:
931 2532 934 2538 .

155 2564 194 2620 Ut
205 2585 281 2620 nunc
296 2565 363 2641 sape
378 2567 460 2622 boves
475 2565 555 2623 Lucae
569 2566 642 2623 ferro
652 2569 722 2623 male
736 2565 828 2621 masin
883 2565 886 2575 '

155 2643 330 2719 Diffugiunt,
344 2645 399 2702 sera
419 2644 488 2702 sada
501 2647 555 2703 suis
570 2667 635 2703 eum
647 2647 737 2702 multa
746 2645 857 2701 dedere.

154 2724 197 2780 Sic
208 2722 273 2789 suit,
289 2739 321 2779 ut
334 2724 470 2781 sacerent:
494 2726 538 2782 sed
553 2727 601 2782 vix
612 2726 746 2791 adducor,
768 2740 800 2781 ut
811 2737 874 2780 ante

153 2805 220 2859 Nou
231 2804 354 2877 quierint
368 2805 464 2865 auimo
478 2806 647 2881 praesentire,
662 2820 745 2879 atque
757 2804 865 2871 videre,

154 2885 248 2959 Quam
258 2888 518 2941 communemalum
527 2885 627 2952 suerat,
640 2883 947 2961 soedumquesuturum.

153 2964 189 3018 Et
198 2964 286 3038 magis
301 2964 330 3018 id
344 2964 424 3038 possis
438 2964 539 3021 fretum
554 2965 720 3023 contendere
733 2966 762 3022 iu
778 2965 883 3033 Omni,

153 3045 189 3100 In
203 3043 285 3098 variis
298 3044 411 3100 mundis
425 3046 501 3101 varia
515 3045 626 3107 ratione
636 3047 743 3112 creatis,
808 3094 810 3101 .

153 3125 248 3198 Quam
263 3139 348 3185 certo,
363 3140 444 3198 atque
459 3145 516 3183 uno
530 3142 666 3185 terrarum
681 3127 806 3200 quolibet
821 3127 895 3183 orbi.

151 3204 203 3261 Sed
217 3201 303 3259 saeere
317 3204 346 3258 id
356 3223 413 3260 uon
429 3221 483 3261 tam
499 3206 631 3263 vincendi
644 3206 690 3280 spe
704 3206 865 3272 voluerunt,

153 3284 248 3359 Quam
258 3282 324 3338 dare
336 3285 414 3358 quod
428 3301 566 3360 gemerent
579 3285 677 3350 hostes,
693 3286 798 3361 ipfique
812 3287 915 3362 perire,

153 3363 215 3443 Qui
231 3381 349 3421 numero
356 3362 535 3433 diffidebant,
550 3365 687 3440 annisque
701 3367 845 3425 vacabant.
988 3379 991 3387 '

826 3443 944 3502 Nexiiit
