2359 3875
310 432 501 506 L'IBER
537 425 836 501 TERTIUS.
922 426 966 518 89

222 551 281 614 Aeris
291 564 414 639 accipiter
425 559 533 638 fugiens
544 560 673 618 veniente
682 558 831 620 columbae
960 603 964 612 .

222 631 351 715 Delperenr
358 642 492 700 homines
503 665 511 709 ς
535 642 662 717 saperent
673 638 730 696 fera
741 638 816 695 laeela
827 633 961 692 ferarum.

250 718 311 777 Illud
322 724 394 779 enim
406 720 470 779 salsa
481 721 571 792 fertur
582 722 701 785 ratione,
715 717 793 795 qnpd
804 716 894 780 aiunt,

218 792 380 859 Immortalem
393 804 518 859 animam
531 815 640 859 mutato
652 818 769 875 corpore
782 794 862 853 nelli.

217 875 284 951 Quod
296 896 419 938 mutatur
428 884 516 948 enim,
530 878 704 937 dillolvitue:
720 878 818 935 interit
831 892 911 949 ergo.

215 952 383 1033 Tnjiciuntnr
394 962 469 1018 enim
484 974 585 1036 parnei,
601 974 682 1034 atque
694 958 794 1015 ordine
805 956 939 1029 migrant.
964 975 967 983 ·

215 1035 289 1111 Quare
300 1039 409 1098 diffolvi
422 1059 536 1115 quoque
547 1040 650 1096 debent
662 1037 736 1115 poffe
746 1058 796 1114 per
808 1050 893 1100 artus,

212 1111 319 1195 Denique
329 1135 361 1177 ut
373 1121 511 1176 intereant
521 1139 654 1177 unarum
668 1138 786 1195 corpore
798 1113 916 1172 cunllae..

210 1192 244 1251 Sin
254 1200 355 1256 animas
368 1198 517 1256 hominum
528 1198 624 1255 dicent
633 1199 662 1254 in
676 1217 794 1273 corpora
803 1196 910 1268 semper

209 1271 389 1346 Inhumana
409 1295 500 1335 tamen
513 1298 645 1353 quierem,
659 1298 709 1334 cur
722 1296 737 1333 e
749 1273 865 1351 sapienti

208 1354 282 1414 Stulta
293 1374 376 1434 queat
389 1359 465 1424 fieri;
482 1378 533 1414 nec
548 1358 670 1434 prudens
682 1359 714 1412 fit
728 1376 799 1431 puer
811 1353 900 1412 nllue:

205 1430 251 1493 Nec
263 1453 316 1495 tam
328 1438 509 1515 dodusequae
522 1440 627 1513 pullus,
643 1458 726 1512 quam
740 1435 821 1493 fortio
833 1431 898 1508 equi
911 1430 969 1489 vien

205 1512 226 1569 si
238 1538 292 1573 non
305 1534 379 1575 certa
392 1519 440 1575 suo
450 1519 516 1595 quia
530 1518 641 1585 semine,
656 1517 828 1590 seminioque
885 1557 888 1567 .

169 1649 172 1653 .
205 1592 249 1653 Vis
259 1598 347 1656 animi
362 1600 466 1675 pariter
475 1598 571 1654 crescit
579 1618 643 1653 eum
657 1616 775 1672 corpore
789 1610 859 1653 toto.

203 1673 301 1734 Scilicet
313 1679 344 1735 in
358 1694 451 1735 tenero
464 1678 628 1735 tenerascere
641 1696 758 1752 corpore
772 1688 893 1733 mentem

202 1755 380 1834 Confugient;
397 1758 473 1833 quod
488 1758 505 1813 li
514 1759 573 1833 jem
585 1758 627 1824 fit,
638 1756 736 1813 fateare
749 1751 896 1823 necessest,

202 1833 344 1895 Mortalem
356 1838 409 1895 elle
420 1839 559 1906 animem}
576 1837 710 1913 qnoniam
719 1851 823 1894 mutata
837 1851 972 1912 perettus

198 1913 348 1994 Tantopere
358 1918 571 1984 amittitvitam,
588 1916 750 1993 leniumque
763 1917 901 1994 priorem.

236 2001 337 2074 Quove
351 1994 439 2057 modo
451 1998 555 2076 poterit
568 2000 673 2075 pariter
691 2019 756 2056 cum
774 2017 891 2073 corpore
902 2014 972 2072 quo-

201 2112 204 2119 ’
231 2134 234 2139 -
271 2099 329 2157 ‘lu‘
775 2103 778 2110 '
900 2146 904 2155 ,

198 2161 364 2218 Confirmata
376 2160 503 2236 cupitum
517 2162 603 2219 etatis
612 2177 722 2236 tangere
734 2162 831 2218 florem
918 2210 923 2218 .
959 2208 964 2217 ,

197 2239 244 2298 Vis
257 2240 358 2305 animi,
371 2240 423 2315 nisi
436 2241 489 2296 erit
500 2241 610 2299 consors
622 2243 653 2298 in
666 2241 775 2317 origine
788 2237 904 2317 prime?

197 2321 309 2398 Quidve
321 2319 393 2377 forie
406 2319 453 2376 fibi
468 2322 531 2377 vult
541 2323 671 2378 membris
684 2323 758 2378 exire
772 2318 905 2378 seneiiie?

195 2400 240 2457 An
252 2399 491 2463 metuitdconelusa
500 2421 611 2458 manere
621 2403 777 2478 incorpore
790 2399 891 2480 putri?

194 2480 227 2534 Et
235 2480 337 2537 domus
348 2480 435 2536 etatis
448 2479 536 2556 spatio
547 2501 583 2538 ne
595 2481 660 2539 fella
672 2482 778 2539 vetullo

195 2559 327 2617 Obroat?
341 2574 368 2617 at
381 2579 441 2616 non
452 2559 516 2616 lunt
526 2562 683 2618 immortali
698 2563 755 2618 nlla
767 2561 888 2636 pericla.

232 2640 363 2714 Denique
370 2640 510 2696 connubia
520 2641 690 2708 adveneris,
699 2641 845 2715 partusque
851 2638 973 2700 ferarum

194 2717 252 2776 Effe
264 2720 373 2776 animas
385 2717 495 2793 presto,
508 2720 698 2793 deridiculum
711 2719 762 2776 effe
770 2719 903 2787 videtum

195 2797 229 2856 Et
243 2797 360 2875 speilare
372 2800 557 2857 immortaleis
568 2801 698 2858 mortalia
710 2801 835 2857 membra

195 2879 349 2941 Innumero
360 2888 497 2945 numero;
515 2895 672 2956 certareque
683 2895 923 2958 praeproperanter
966 2908 969 2929 ι

195 2959 272 3014 inter
284 2957 308 3012 se
320 2977 382 3032 qore
396 2960 503 3033 primas
513 2960 706 3037 potiffimaque
718 2963 884 3019 infinueturt
964 3016 966 3021 .

195 3040 222 3093 Si
231 3057 290 3094 non
303 3035 375 3095 forte
387 3038 426 3095 ira
438 3038 501 3097 lunt
510 3040 665 3098 animarum
677 3039 779 3099 foedera
793 3041 882 3119 palla,

196 3116 245 3183 Ut,
258 3137 320 3193 quae
332 3117 425 3193 prima
438 3121 532 3177 volans
543 3120 698 3187 advenerit,
714 3122 867 3178 insinuetur

194 3197 303 3263 Primam
319 3215 410 3272 neque
418 3198 490 3255 inter
502 3200 528 3256 le
538 3203 710 3258 'contendant
723 3201 830 3258 viribus
842 3199 947 3261 hilum.

233 3277 364 3353 Denique
381 3277 524 3339 in'aeehere
543 3301 605 3340 non
615 3283 799 3348 πῶτε-’που
812 3299 919 3358 equore
937 3285 971 3341 in

270 3358 328 3416 alto
681 3410 686 3418 .
851 3406 856 3419 .

570 3439 601 3500 H
609 3457 628 3522 3
873 3439 976 3506 nuru
1028 3482 1035 3491 -
