2359 3875
250 440 456 511 nrrrnrr
503 436 809 538 QUARTUS.
888 460 949 528 ψ

170 567 212 627 At
224 572 334 647 gemina
347 585 375 627 et
386 572 547 637 mammosa,
568 572 651 640 Ceres
665 570 701 626 esi
714 569 773 645 ipsa
786 564 950 640 abJaccho:

168 651 274 707 Simula
283 650 381 718 cenred,
392 673 423 709 ac
436 648 573 731 satyra'st:
587 650 700 719 labiosa,
715 650 829 723 φίλημα.

170 731 274 787 Cetera
286 731 429 808 degenere
441 727 657 809 hoclongum'st
670 731 688 787 si
700 732 791 788 dicere
805 747 901 787 coner.

211 810 265 867 Sed
279 828 369 868 tamen
383 813 438 870 esio
446 815 504 889 jam
516 813 666 888 quantovis
676 814 733 868 oris
746 809 864 877 honore.

171 892 254 967 Qroi
268 892 388 952 Veneris
401 894 532 949 membrii
546 894 589 949 vis
601 893 734 948 omnibns
746 891 902 948 exoriatur:

168 970 278 1048 Nempe
288 972 349 1029 alie
363 993 475 1050 quoque
489 973 566 1040 sonte
583 991 685 1052 nempe
694 972 744 1028 hec
758 972 812 1028 fine
826 971 952 1029 viximuc

250 1066 330 1118 ante3

170 1133 279 1209 Nempe
292 1133 387 1189 eadem
401 1134 476 1201 fecit,
493 1149 518 1189 et
531 1133 630 1190 scimus
642 1133 729 1191 facere
741 1132 839 1191 omnia
853 1131 949 1208 turpi3

169 1213 204 1267 Et
218 1211 347 1269 miseram
361 1215 437 1271 terris
450 1215 475 1270 se
489 1213 560 1271 suffit
573 1214 708 1270 odoribus
719 1214 792 1291 ipsa,

171 1293 263 1368 Quam
271 1292 468 1371 samusaeluugc
475 1295 605 1371 fugitant,
614 1291 951 1369 surtirnquecachinuant.

212 1374 252 1427 Ar
266 1374 421 1449 lacrymans
434 1376 558 1430 exclusus
570 1391 677 1430 amator
691 1375 787 1431 limina
799 1372 869 1449 saepe

170 1453 298 1509 Floribus
310 1470 335 1507 et
349 1454 425 1510 sertis
438 1457 539 1531 operit,
555 1454 708 1531 posicisque
719 1454 851 1530 superbos

172 1532 282 1609 Unguit
295 1537 463 1599 amaracino,
476 1551 503 1590 et
517 1533 625 1591 foribus
638 1535 720 1591 mrser
732 1535 822 1591 oscusa
836 1534 907 1610 figit.

171 1615 266 1689 Quem
279 1613 365 1689 sijum
380 1612 539 1682 admissum,
554 1616 712 1671 venientem
726 1613 873 1672 offenderit
887 1633 954 1671 aun

170 1693 234 1751 Une
246 1692 343 1759 modo,
357 1695 448 1752 causas
462 1695 583 1751 abeundi
598 1714 701 1770 querat
715 1694 856 1763 honestam

169 1774 203 1829 Et
216 1774 348 1831 meditata
359 1774 410 1830 diu
420 1775 498 1832 cadat
510 1777 563 1831 alte
580 1776 690 1851 sumpta
699 1778 823 1851 querela

169 1852 350 1929 Stultitiaeque
363 1851 403 1911 ibi
418 1856 444 1911 se
457 1855 578 1923 damner,
596 1855 718 1913 tribuisse
728 1856 804 1931 quod
814 1858 859 1914 issi

171 1934 236 1992 Pius
249 1934 354 2003 videat,
371 1954 454 2010 quam
467 1938 575 1993 mortali
589 1935 738 1992 concedere
753 1957 804 2012 prr
816 1938 866 1994 est.

170 2016 227 2073 Nec
239 2033 349 2071 veneres
362 2017 464 2074 nostras
479 2015 531 2073 hoc
544 2015 632 2073 fallit:
648 2036 705 2091 quo
715 2017 803 2092 magis
817 2018 883 2093 ip'sae

172 2095 279 2153 Omnia
294 2095 470 2172 summopere
481 2095 532 2152 hos
546 2097 608 2153 vitae
622 2096 768 2172 possscenia
778 2100 877 2160 celant,

172 2177 251 2253 Quos
264 2178 383 2232 retinere
395 2177 506 2241 volunt,
517 2174 709 2250 adstriuosque
722 2171 773 2230 esse
785 2175 815 2230 in
828 2190 933 2230 amore.

170 2256 379 2332 Nequicqnam:
395 2256 529 2331 quoniam
539 2271 569 2312 tu
579 2256 673 2312 animo
684 2269 773 2310 tamen
783 2255 877 2314 omnia
888 2252 951 2333 pos·

252 2336 284 2393 srs

170 2414 332 2472 Protrehere
343 2417 373 2472 in
382 2416 484 2485 lucem,
495 2431 579 2492 atque
588 2416 694 2473 omneis
703 2416 850 2492 anquirere
858 2415 946 2473 nisus.

169 2495 202 2568 Iit
214 2497 231 2551 fi
245 2497 318 2552 besso
330 2492 470 2563 animo'ss,
482 2511 508 2552 et
519 2517 574 2552 non
583 2494 679 2552 odiosa
691 2496 820 2564 vicissim,

169 2575 361 2649 l‘raerermitset
374 2591 401 2631 te
412 2574 543 2632 humanis
555 2575 703 2633 concedere
715 2577 810 2632 rebus.¹
846 2595 849 2601 ·
936 2602 939 2613 ·

210 2657 268 2712 Ne'c
277 2658 378 2712 musice
390 2655 495 2731 semper
507 2656 568 2714 fido
580 2655 700 2731 suspirat
711 2664 816 2721 amore,

170 2737 240 2812 Qrae
254 2737 401 2811 complexa
414 2736 469 2791 viri
482 2756 583 2811 corpus
596 2735 904 2814 cumcorporejungit.
929 2742 933 2747 '

169 2816 202 2870 ur
216 2828 290 2871 tenet
301 2814 415 2870 adstruis
427 2815 584 2871 homedeus
596 2815 687 2872 oscula
700 2816 799 2872 labris}
836 2846 838 2851 ·

168 2896 240 2952 Nem
251 2893 317 2950 sacit
325 2913 364 2951 ,ex
373 2896 470 2950 animo
483 2895 561 2971 sepe,
576 2908 603 2950 et
614 2896 778 2952 communia
790 2902 924 2974 querens

167 2975 288 3040 Gaudia,
305 2974 431 3044 sollicitet
445 2974 565 3050 spatium
579 2974 724 3049 decurrere
737 2976 857 3047 amorius

166 3056 222 3112 Nec
237 3055 342 3125 racione
355 3054 407 3110 alia
421 3058 559 3118 volucres,
573 3070 708 3122 armentu,
723 3048 862 3129 seraeque,¹
883 3088 886 3093 -
936 3086 939 3095 ·

167 3135 200 3191 Et
210 3135 343 3213 pecudes,
359 3148 386 3189 et
398 3153 471 3209 eque
484 3136 608 3190 maribus
621 3134 757 3190 subsidere
771 3135 888 3211 possent,

165 3216 190 3271 si
202 3235 271 3282 non,
286 3214 428 3290 ipsaquod
438 3214 551 3272 illorum
567 3214 655 3281 subet,
671 3214 749 3270 ardet
759 3215 903 3272 abundans

166 3295 282 3366 Netum,
297 3309 324 3350 et
337 3314 463 3350 venerem
474 3295 619 3352 salientum
632 3296 692 3351 laeea
705 3293 840 3352 tetendiet.

167 3374 353 3434 Nonne‘vides
364 3376 542 3452 eciamsquoe
550 3389 649 3432 mutue
661 3373 882 3452 sepe-volupiae-
932 3396 935 3405 ·

537 3455 595 3518 MR
832 3454 986 3524 Vinum,-
