<?xml version="1.0" encoding="UTF-8"?>
<!DOCTYPE html PUBLIC "-//W3C//DTD XHTML 1.0 Transitional//EN"
    "http://www.w3.org/TR/xhtml1/DTD/xhtml1-transitional.dtd">
<html xmlns="http://www.w3.org/1999/xhtml" xml:lang="en" lang="en">
 <head>
  <title>
</title>
<meta http-equiv="Content-Type" content="text/html;charset=utf-8" />
  <meta name='ocr-system' content='tesseract 3.04.00' />
  <meta name='ocr-capabilities' content='ocr_page ocr_carea ocr_par ocr_line ocrx_word'/>
</head>
<body>
  <div class='ocr_page' id='page_1' title='image "./titilucretiicar03carugoog_0198.png"; bbox 0 0 2359 3875; ppageno 0'>
   <div class='ocr_carea' id='block_1_1' title="bbox 201 440 828 540">
    <p class='ocr_par' dir='ltr' id='par_1_1' title="bbox 201 440 828 540">
     <span class='ocr_line' id='line_1_1' title="bbox 201 440 828 540; baseline -0.013 -21"><span class='ocrx_word' id='word_1_1' title='bbox 201 467 267 540; x_wconf 81' lang='lat'><strong>¹9⁰</strong></span> <span class='ocrx_word' id='word_1_2' title='bbox 357 444 398 516; x_wconf 89' lang='lat' dir='ltr'><strong>T.</strong></span> <span class='ocrx_word' id='word_1_3' title='bbox 442 440 828 516; x_wconf 84' lang='lat' dir='ltr'><em>LUCRETII</em></span> 
     </span>
    </p>
   </div>
   <div class='ocr_carea' id='block_1_2' title="bbox 184 578 994 3535">
    <p class='ocr_par' dir='ltr' id='par_1_2' title="bbox 199 578 942 736">
     <span class='ocr_line' id='line_1_2' title="bbox 199 578 942 655; baseline -0.008 -19"><span class='ocrx_word' id='word_1_4' title='bbox 199 584 251 638; x_wconf 87' lang='lat' dir='ltr'><strong>Isse</strong></span> <span class='ocrx_word' id='word_1_5' title='bbox 264 583 395 655; x_wconf 85' lang='lat' dir='ltr'><strong>inaquam</strong></span> <span class='ocrx_word' id='word_1_6' title='bbox 408 579 500 638; x_wconf 89' lang='lat' dir='ltr'><strong>subito</strong></span> <span class='ocrx_word' id='word_1_7' title='bbox 514 594 605 637; x_wconf 89' lang='lat' dir='ltr'><strong>totum</strong></span> <span class='ocrx_word' id='word_1_8' title='bbox 618 580 644 635; x_wconf 94' lang='lat' dir='ltr'><strong>se</strong></span> <span class='ocrx_word' id='word_1_9' title='bbox 657 578 798 643; x_wconf 74' lang='lat' dir='ltr'><strong>immittit,</strong></span> <span class='ocrx_word' id='word_1_10' title='bbox 811 590 837 631; x_wconf 90' lang='lat' dir='ltr'><strong>et</strong></span> <span class='ocrx_word' id='word_1_11' title='bbox 856 592 942 631; x_wconf 86' lang='lat' dir='ltr'><strong>omne</strong></span> 
     </span>
     <span class='ocr_line' id='line_1_3' title="bbox 199 660 867 736; baseline -0.007 -21"><span class='ocrx_word' id='word_1_12' title='bbox 199 663 311 718; x_wconf 84' lang='lat' dir='ltr'><strong>Excitat</strong></span> <span class='ocrx_word' id='word_1_13' title='bbox 325 661 432 736; x_wconf 86' lang='lat' dir='ltr'><strong>ingenti</strong></span> <span class='ocrx_word' id='word_1_14' title='bbox 446 660 538 716; x_wconf 89' lang='lat' dir='ltr'><strong>sonitu</strong></span> <span class='ocrx_word' id='word_1_15' title='bbox 551 680 626 716; x_wconf 86' lang='lat' dir='ltr'><strong>mare</strong></span> <span class='ocrx_word' id='word_1_16' title='bbox 640 660 744 717; x_wconf 81' lang='lat' dir='ltr'><strong>fervere</strong></span> <span class='ocrx_word' id='word_1_17' title='bbox 756 676 867 733; x_wconf 86' lang='lat' dir='ltr'><strong>cogens.</strong></span> 
     </span>
    </p>

    <p class='ocr_par' dir='ltr' id='par_1_3' title="bbox 243 735 949 814">
     <span class='ocr_line' id='line_1_4' title="bbox 243 735 949 814; baseline -0.006 -19"><span class='ocrx_word' id='word_1_18' title='bbox 243 742 288 796; x_wconf 89' lang='lat' dir='ltr'><strong>Fit</strong></span> <span class='ocrx_word' id='word_1_19' title='bbox 301 760 424 814; x_wconf 86' lang='lat' dir='ltr'><strong>quoque,</strong></span> <span class='ocrx_word' id='word_1_20' title='bbox 440 755 472 795; x_wconf 91' lang='lat' dir='ltr'><strong>ut</strong></span> <span class='ocrx_word' id='word_1_21' title='bbox 483 740 609 796; x_wconf 88' lang='lat' dir='ltr'><strong>involvat</strong></span> <span class='ocrx_word' id='word_1_22' title='bbox 621 741 697 795; x_wconf 89' lang='lat' dir='ltr'><strong>venti</strong></span> <span class='ocrx_word' id='word_1_23' title='bbox 712 740 737 794; x_wconf 91' lang='lat' dir='ltr'><strong>se</strong></span> <span class='ocrx_word' id='word_1_24' title='bbox 750 737 876 795; x_wconf 90' lang='lat' dir='ltr'><strong>nubibus</strong></span> <span class='ocrx_word' id='word_1_25' title='bbox 889 735 949 812; x_wconf 91' lang='lat' dir='ltr'><strong>ipse</strong></span> 
     </span>
    </p>

    <p class='ocr_par' dir='ltr' id='par_1_4' title="bbox 200 819 813 884">
     <span class='ocr_line' id='line_1_5' title="bbox 200 819 813 884; baseline -0.007 -7"><span class='ocrx_word' id='word_1_26' title='bbox 200 821 310 877; x_wconf 83' lang='lat' dir='ltr'><strong>Vortex</strong></span> <span class='ocrx_word' id='word_1_27' title='bbox 321 820 473 877; x_wconf 83' lang='lat' dir='ltr'>conradens</span> <span class='ocrx_word' id='word_1_28' title='bbox 485 840 519 875; x_wconf 89' lang='lat' dir='ltr'><strong>ex</strong></span> <span class='ocrx_word' id='word_1_29' title='bbox 529 840 589 875; x_wconf 88' lang='lat' dir='ltr'><strong>aere</strong></span> <span class='ocrx_word' id='word_1_30' title='bbox 603 819 705 875; x_wconf 90' lang='lat' dir='ltr'><strong>semina</strong></span> <span class='ocrx_word' id='word_1_31' title='bbox 718 819 813 884; x_wconf 84' lang='lat' dir='ltr'><strong>nubis,</strong></span> 
     </span>
    </p>

    <p class='ocr_par' dir='ltr' id='par_1_5' title="bbox 199 897 844 974">
     <span class='ocr_line' id='line_1_6' title="bbox 199 897 844 974; baseline -0.006 -19"><span class='ocrx_word' id='word_1_32' title='bbox 199 902 236 955; x_wconf 80' lang='lat' dir='ltr'><strong>Et</strong></span> <span class='ocrx_word' id='word_1_33' title='bbox 247 900 320 973; x_wconf 85' lang='lat' dir='ltr'><strong>quafi</strong></span> <span class='ocrx_word' id='word_1_34' title='bbox 333 897 480 955; x_wconf 87' lang='lat' dir='ltr'><strong>demissum</strong></span> <span class='ocrx_word' id='word_1_35' title='bbox 494 902 564 955; x_wconf 86' lang='lat' dir='ltr'><strong>coeso</strong></span> <span class='ocrx_word' id='word_1_36' title='bbox 578 898 695 974; x_wconf 84' lang='lat' dir='ltr'><strong>prestera</strong></span> <span class='ocrx_word' id='word_1_37' title='bbox 707 899 844 954; x_wconf 82' lang='lat' dir='ltr'><strong>imitetur.</strong></span> 
     </span>
    </p>

    <p class='ocr_par' dir='ltr' id='par_1_6' title="bbox 197 977 978 1373">
     <span class='ocr_line' id='line_1_7' title="bbox 199 977 827 1052; baseline -0.006 -15"><span class='ocrx_word' id='word_1_38' title='bbox 199 982 255 1038; x_wconf 90' lang='lat' dir='ltr'><strong>Hic</strong></span> <span class='ocrx_word' id='word_1_39' title='bbox 268 979 318 1035; x_wconf 91' lang='lat' dir='ltr'><strong>ubi</strong></span> <span class='ocrx_word' id='word_1_40' title='bbox 329 977 354 1033; x_wconf 88' lang='lat' dir='ltr'><strong>se</strong></span> <span class='ocrx_word' id='word_1_41' title='bbox 364 978 395 1033; x_wconf 93' lang='lat' dir='ltr'><strong>in</strong></span> <span class='ocrx_word' id='word_1_42' title='bbox 409 992 493 1034; x_wconf 82' lang='lat' dir='ltr'><strong>terras</strong></span> <span class='ocrx_word' id='word_1_43' title='bbox 506 979 625 1042; x_wconf 74' lang='lat' dir='ltr'><strong>demisit,</strong></span> <span class='ocrx_word' id='word_1_44' title='bbox 637 978 827 1052; x_wconf 89' lang='lat' dir='ltr'><strong>dissolvitque,</strong></span> 
     </span>
     <span class='ocr_line' id='line_1_8' title="bbox 197 1056 978 1133; baseline -0.004 -18"><span class='ocrx_word' id='word_1_45' title='bbox 197 1058 334 1115; x_wconf 84' lang='lat' dir='ltr'><strong>Turbinis</strong></span> <span class='ocrx_word' id='word_1_46' title='bbox 350 1060 500 1114; x_wconf 88' lang='lat' dir='ltr'><strong>immanem</strong></span> <span class='ocrx_word' id='word_1_47' title='bbox 510 1059 570 1113; x_wconf 88' lang='lat' dir='ltr'><strong>vim</strong></span> <span class='ocrx_word' id='word_1_48' title='bbox 578 1059 732 1133; x_wconf 85' lang='lat' dir='ltr'><strong>provomit,</strong></span> <span class='ocrx_word' id='word_1_49' title='bbox 747 1056 978 1133; x_wconf 77' lang='lat' dir='ltr'><strong>atqueprocellae.</strong></span> 
     </span>
     <span class='ocr_line' id='line_1_9' title="bbox 201 1133 926 1212; baseline -0.004 -17"><span class='ocrx_word' id='word_1_50' title='bbox 201 1138 254 1195; x_wconf 86' lang='lat' dir='ltr'><strong>Sed</strong></span> <span class='ocrx_word' id='word_1_51' title='bbox 264 1139 331 1211; x_wconf 89' lang='lat' dir='ltr'><strong>quia</strong></span> <span class='ocrx_word' id='word_1_52' title='bbox 346 1137 377 1193; x_wconf 89' lang='lat' dir='ltr'><strong>fit</strong></span> <span class='ocrx_word' id='word_1_53' title='bbox 390 1156 452 1193; x_wconf 87' lang='lat' dir='ltr'><strong>raro</strong></span> <span class='ocrx_word' id='word_1_54' title='bbox 465 1136 591 1204; x_wconf 88' lang='lat' dir='ltr'><strong>omnino,</strong></span> <span class='ocrx_word' id='word_1_55' title='bbox 608 1138 778 1212; x_wconf 88' lang='lat' dir='ltr'><strong>monteisque</strong></span> <span class='ocrx_word' id='word_1_56' title='bbox 791 1133 926 1194; x_wconf 82' lang='lat' dir='ltr'><strong>necesse&#39;st</strong></span> 
     </span>
     <span class='ocr_line' id='line_1_10' title="bbox 199 1215 840 1293; baseline -0.006 -17"><span class='ocrx_word' id='word_1_57' title='bbox 199 1216 319 1276; x_wconf 87' lang='lat' dir='ltr'><strong>Officere</strong></span> <span class='ocrx_word' id='word_1_58' title='bbox 332 1219 363 1272; x_wconf 91' lang='lat' dir='ltr'><strong>in</strong></span> <span class='ocrx_word' id='word_1_59' title='bbox 377 1218 475 1282; x_wconf 63' lang='lat' dir='ltr'><strong>terrim</strong></span> <span class='ocrx_word' id='word_1_60' title='bbox 499 1232 615 1293; x_wconf 88' lang='lat' dir='ltr'><strong>apparet</strong></span> <span class='ocrx_word' id='word_1_61' title='bbox 628 1218 752 1274; x_wconf 74' lang='lat' dir='ltr'><strong>crebrius</strong></span> <span class='ocrx_word' id='word_1_62' title='bbox 763 1215 840 1273; x_wconf 90' lang='lat' dir='ltr'><strong>idem</strong></span> 
     </span>
     <span class='ocr_line' id='line_1_11' title="bbox 199 1296 883 1373; baseline -0.001 -20"><span class='ocrx_word' id='word_1_63' title='bbox 199 1296 347 1372; x_wconf 77' lang='lat' dir='ltr'><strong>Prospedu</strong></span> <span class='ocrx_word' id='word_1_64' title='bbox 362 1297 444 1352; x_wconf 88' lang='lat' dir='ltr'><strong>maris</strong></span> <span class='ocrx_word' id='word_1_65' title='bbox 457 1299 487 1352; x_wconf 88' lang='lat' dir='ltr'><strong>in</strong></span> <span class='ocrx_word' id='word_1_66' title='bbox 501 1315 615 1372; x_wconf 83' lang='lat' dir='ltr'><strong>magno,</strong></span> <span class='ocrx_word' id='word_1_67' title='bbox 628 1299 751 1373; x_wconf 84' lang='lat' dir='ltr'><strong>coeloque</strong></span> <span class='ocrx_word' id='word_1_68' title='bbox 765 1296 883 1373; x_wconf 85' lang='lat' dir='ltr'><strong>patenti.</strong></span> 
     </span>
    </p>

    <p class='ocr_par' dir='ltr' id='par_1_7' title="bbox 198 1375 969 1691">
     <span class='ocr_line' id='line_1_12' title="bbox 245 1375 969 1452; baseline -0.003 -19"><span class='ocrx_word' id='word_1_69' title='bbox 245 1377 352 1433; x_wconf 87' lang='lat' dir='ltr'><strong>Nubila</strong></span> <span class='ocrx_word' id='word_1_70' title='bbox 365 1376 732 1452; x_wconf 84' lang='lat' dir='ltr'><strong>concrescunt,ubicorpora</strong></span> <span class='ocrx_word' id='word_1_71' title='bbox 745 1378 833 1432; x_wconf 88' lang='lat' dir='ltr'><strong>multa</strong></span> <span class='ocrx_word' id='word_1_72' title='bbox 846 1375 969 1434; x_wconf 83' lang='lat' dir='ltr'><strong>volando</strong></span> 
     </span>
     <span class='ocr_line' id='line_1_13' title="bbox 198 1455 802 1533; baseline 0 -21"><span class='ocrx_word' id='word_1_73' title='bbox 198 1457 261 1512; x_wconf 89' lang='lat' dir='ltr'><strong>Hoc</strong></span> <span class='ocrx_word' id='word_1_74' title='bbox 276 1456 359 1531; x_wconf 89' lang='lat' dir='ltr'><strong>super</strong></span> <span class='ocrx_word' id='word_1_75' title='bbox 371 1456 401 1511; x_wconf 89' lang='lat' dir='ltr'><strong>in</strong></span> <span class='ocrx_word' id='word_1_76' title='bbox 414 1455 476 1511; x_wconf 86' lang='lat' dir='ltr'><strong>coeli</strong></span> <span class='ocrx_word' id='word_1_77' title='bbox 487 1456 575 1532; x_wconf 83' lang='lat' dir='ltr'><strong>spatio</strong></span> <span class='ocrx_word' id='word_1_78' title='bbox 587 1458 677 1513; x_wconf 83' lang='lat' dir='ltr'><strong>coiere</strong></span> <span class='ocrx_word' id='word_1_79' title='bbox 692 1472 802 1533; x_wconf 89' lang='lat' dir='ltr'><strong>repente</strong></span> 
     </span>
     <span class='ocr_line' id='line_1_14' title="bbox 199 1535 828 1611; baseline -0.003 -18"><span class='ocrx_word' id='word_1_80' title='bbox 199 1536 362 1611; x_wconf 80' lang='lat' dir='ltr'><strong>Asperiora,</strong></span> <span class='ocrx_word' id='word_1_81' title='bbox 374 1536 463 1591; x_wconf 88' lang='lat' dir='ltr'><strong>modis</strong></span> <span class='ocrx_word' id='word_1_82' title='bbox 476 1556 535 1609; x_wconf 73' lang='lat' dir='ltr'><strong>quae</strong></span> <span class='ocrx_word' id='word_1_83' title='bbox 550 1535 650 1611; x_wconf 76' lang='lat' dir='ltr'><strong>possint</strong></span> <span class='ocrx_word' id='word_1_84' title='bbox 664 1537 828 1611; x_wconf 74' lang='lat' dir='ltr'><strong>indupedita</strong></span> 
     </span>
     <span class='ocr_line' id='line_1_15' title="bbox 200 1614 845 1691; baseline 0 -20"><span class='ocrx_word' id='word_1_85' title='bbox 200 1616 330 1690; x_wconf 81' lang='lat' dir='ltr'><strong>Exiguis,</strong></span> <span class='ocrx_word' id='word_1_86' title='bbox 347 1631 436 1669; x_wconf 86' lang='lat' dir='ltr'><strong>tamen</strong></span> <span class='ocrx_word' id='word_1_87' title='bbox 452 1614 525 1670; x_wconf 88' lang='lat' dir='ltr'><strong>inter</strong></span> <span class='ocrx_word' id='word_1_88' title='bbox 539 1615 562 1670; x_wconf 89' lang='lat' dir='ltr'><strong>se</strong></span> <span class='ocrx_word' id='word_1_89' title='bbox 571 1617 730 1691; x_wconf 87' lang='lat' dir='ltr'><strong>comprensa</strong></span> <span class='ocrx_word' id='word_1_90' title='bbox 746 1617 845 1672; x_wconf 86' lang='lat' dir='ltr'><strong>teneri.</strong></span> 
     </span>
    </p>

    <p class='ocr_par' dir='ltr' id='par_1_8' title="bbox 184 1694 975 2012">
     <span class='ocr_line' id='line_1_16' title="bbox 184 1694 975 1771; baseline -0.005 -17"><span class='ocrx_word' id='word_1_91' title='bbox 184 1698 267 1754; x_wconf 57' lang='lat' dir='ltr'><strong>dtaec</strong></span> <span class='ocrx_word' id='word_1_92' title='bbox 280 1694 385 1750; x_wconf 86' lang='lat' dir='ltr'><strong>saciunt</strong></span> <span class='ocrx_word' id='word_1_93' title='bbox 401 1695 523 1769; x_wconf 88' lang='lat' dir='ltr'><strong>primum</strong></span> <span class='ocrx_word' id='word_1_94' title='bbox 538 1716 637 1771; x_wconf 81' lang='lat' dir='ltr'><strong>parvas</strong></span> <span class='ocrx_word' id='word_1_95' title='bbox 650 1696 913 1761; x_wconf 81' lang='lat' dir='ltr'><strong>confisse1·enubeis;</strong></span> <span class='ocrx_word' id='word_1_96' title='bbox 972 1759 975 1766; x_wconf 29' lang='lat'>¹</span> 
     </span>
     <span class='ocr_line' id='line_1_17' title="bbox 203 1774 966 1853; baseline 0.001 -22"><span class='ocrx_word' id='word_1_97' title='bbox 203 1774 273 1833; x_wconf 90' lang='lat' dir='ltr'><strong>Inde</strong></span> <span class='ocrx_word' id='word_1_98' title='bbox 285 1795 315 1829; x_wconf 88' lang='lat' dir='ltr'><strong>ea</strong></span> <span class='ocrx_word' id='word_1_99' title='bbox 330 1775 536 1849; x_wconf 86' lang='lat' dir='ltr'><strong>comprendunt</strong></span> <span class='ocrx_word' id='word_1_100' title='bbox 549 1777 622 1831; x_wconf 86' lang='lat' dir='ltr'><strong>inter</strong></span> <span class='ocrx_word' id='word_1_101' title='bbox 636 1776 671 1840; x_wconf 88' lang='lat' dir='ltr'><strong>se,</strong></span> <span class='ocrx_word' id='word_1_102' title='bbox 686 1796 795 1853; x_wconf 87' lang='lat' dir='ltr'><strong>conque</strong></span> <span class='ocrx_word' id='word_1_103' title='bbox 809 1794 966 1853; x_wconf 83' lang='lat' dir='ltr'><strong>gregantur,</strong></span> 
     </span>
     <span class='ocr_line' id='line_1_18' title="bbox 201 1853 891 1931; baseline 0 -20"><span class='ocrx_word' id='word_1_104' title='bbox 201 1860 239 1912; x_wconf 84' lang='lat' dir='ltr'><strong>Et</strong></span> <span class='ocrx_word' id='word_1_105' title='bbox 251 1853 446 1930; x_wconf 85' lang='lat' dir='ltr'><strong>conjungendo</strong></span> <span class='ocrx_word' id='word_1_106' title='bbox 456 1853 589 1922; x_wconf 88' lang='lat' dir='ltr'><strong>crescunt,</strong></span> <span class='ocrx_word' id='word_1_107' title='bbox 605 1857 748 1931; x_wconf 81' lang='lat' dir='ltr'><strong>ventisque</strong></span> <span class='ocrx_word' id='word_1_108' title='bbox 761 1854 891 1912; x_wconf 89' lang='lat' dir='ltr'><strong>seruntur</strong></span> 
     </span>
     <span class='ocr_line' id='line_1_19' title="bbox 200 1932 866 2012; baseline 0.002 -19"><span class='ocrx_word' id='word_1_109' title='bbox 200 1934 373 2011; x_wconf 87' lang='lat' dir='ltr'><strong>Usqueadeo,</strong></span> <span class='ocrx_word' id='word_1_110' title='bbox 389 1935 475 2003; x_wconf 83' lang='lat' dir='ltr'><strong>donec</strong></span> <span class='ocrx_word' id='word_1_111' title='bbox 490 1935 632 2012; x_wconf 79' lang='lat' dir='ltr'><strong>tempesias</strong></span> <span class='ocrx_word' id='word_1_112' title='bbox 646 1936 711 1992; x_wconf 81' lang='lat' dir='ltr'><strong>saeva</strong></span> <span class='ocrx_word' id='word_1_113' title='bbox 725 1932 866 1994; x_wconf 82' lang='lat' dir='ltr'><strong>coorta&#39;st.</strong></span> 
     </span>
    </p>

    <p class='ocr_par' dir='ltr' id='par_1_9' title="bbox 199 2016 979 2252">
     <span class='ocr_line' id='line_1_20' title="bbox 242 2016 925 2090; baseline 0 -17"><span class='ocrx_word' id='word_1_114' title='bbox 242 2017 287 2074; x_wconf 84' lang='lat' dir='ltr'><strong>Fit</strong></span> <span class='ocrx_word' id='word_1_115' title='bbox 300 2036 411 2090; x_wconf 89' lang='lat' dir='ltr'><strong>quoque</strong></span> <span class='ocrx_word' id='word_1_116' title='bbox 423 2018 465 2071; x_wconf 90' lang='lat' dir='ltr'><strong>nti</strong></span> <span class='ocrx_word' id='word_1_117' title='bbox 480 2016 582 2072; x_wconf 89' lang='lat' dir='ltr'><strong>montis</strong></span> <span class='ocrx_word' id='word_1_118' title='bbox 592 2017 686 2073; x_wconf 86' lang='lat' dir='ltr'><strong>vicina</strong></span> <span class='ocrx_word' id='word_1_119' title='bbox 699 2018 842 2073; x_wconf 85' lang='lat' dir='ltr'><strong>cacumina</strong></span> <span class='ocrx_word' id='word_1_120' title='bbox 856 2019 925 2074; x_wconf 83' lang='lat' dir='ltr'><strong>coelo</strong></span> 
     </span>
     <span class='ocr_line' id='line_1_21' title="bbox 199 2096 979 2174; baseline -0.001 -22"><span class='ocrx_word' id='word_1_121' title='bbox 199 2100 293 2174; x_wconf 72' lang='lat' dir='ltr'><strong>Quam</strong></span> <span class='ocrx_word' id='word_1_122' title='bbox 307 2097 358 2151; x_wconf 84' lang='lat' dir='ltr'><strong>fint</strong></span> <span class='ocrx_word' id='word_1_123' title='bbox 371 2117 485 2171; x_wconf 78' lang='lat' dir='ltr'><strong>quaeque</strong></span> <span class='ocrx_word' id='word_1_124' title='bbox 498 2097 597 2173; x_wconf 81' lang='lat' dir='ltr'><strong>magis,</strong></span> <span class='ocrx_word' id='word_1_125' title='bbox 611 2099 778 2173; x_wconf 83' lang='lat' dir='ltr'><strong>tantomagis</strong></span> <span class='ocrx_word' id='word_1_126' title='bbox 789 2097 861 2153; x_wconf 83' lang='lat' dir='ltr'><strong>edita</strong></span> <span class='ocrx_word' id='word_1_127' title='bbox 873 2096 979 2154; x_wconf 85' lang='lat' dir='ltr'><strong>sument</strong></span> 
     </span>
     <span class='ocr_line' id='line_1_22' title="bbox 199 2175 748 2252; baseline -0.002 -18"><span class='ocrx_word' id='word_1_128' title='bbox 199 2177 313 2234; x_wconf 82' lang='lat' dir='ltr'><strong>Affidue</strong></span> <span class='ocrx_word' id='word_1_129' title='bbox 326 2175 409 2232; x_wconf 80' lang='lat' dir='ltr'><strong>sulvae</strong></span> <span class='ocrx_word' id='word_1_130' title='bbox 422 2178 505 2232; x_wconf 86' lang='lat' dir='ltr'><strong>nubis</strong></span> <span class='ocrx_word' id='word_1_131' title='bbox 518 2178 634 2252; x_wconf 83' lang='lat' dir='ltr'><strong>caligine</strong></span> <span class='ocrx_word' id='word_1_132' title='bbox 647 2177 748 2242; x_wconf 71' lang='lat' dir='ltr'><strong>crassa,</strong></span> 
     </span>
    </p>

    <p class='ocr_par' dir='ltr' id='par_1_10' title="bbox 198 2257 940 2490">
     <span class='ocr_line' id='line_1_23' title="bbox 200 2257 940 2333; baseline -0.003 -19"><span class='ocrx_word' id='word_1_133' title='bbox 200 2260 360 2332; x_wconf 82' lang='lat' dir='ltr'><strong>Propterea,</strong></span> <span class='ocrx_word' id='word_1_134' title='bbox 376 2258 441 2330; x_wconf 86' lang='lat' dir='ltr'><strong>quia</strong></span> <span class='ocrx_word' id='word_1_135' title='bbox 454 2277 518 2312; x_wconf 89' lang='lat' dir='ltr'><strong>curn</strong></span> <span class='ocrx_word' id='word_1_136' title='bbox 532 2257 680 2312; x_wconf 76' lang='lat' dir='ltr'><strong>consistunt</strong></span> <span class='ocrx_word' id='word_1_137' title='bbox 692 2258 789 2315; x_wconf 89' lang='lat' dir='ltr'><strong>nubila</strong></span> <span class='ocrx_word' id='word_1_138' title='bbox 803 2258 940 2333; x_wconf 87' lang='lat' dir='ltr'><strong>primum,</strong></span> 
     </span>
     <span class='ocr_line' id='line_1_24' title="bbox 198 2337 885 2412; baseline 0.003 -20"><span class='ocrx_word' id='word_1_139' title='bbox 198 2339 274 2393; x_wconf 87' lang='lat' dir='ltr'><strong>Ante</strong></span> <span class='ocrx_word' id='word_1_140' title='bbox 284 2337 375 2392; x_wconf 85' lang='lat' dir='ltr'><strong>videre</strong></span> <span class='ocrx_word' id='word_1_141' title='bbox 388 2337 462 2392; x_wconf 87' lang='lat' dir='ltr'><strong>oculi</strong></span> <span class='ocrx_word' id='word_1_142' title='bbox 472 2357 557 2411; x_wconf 85' lang='lat' dir='ltr'><strong>quarn</strong></span> <span class='ocrx_word' id='word_1_143' title='bbox 565 2337 674 2412; x_wconf 77' lang='lat' dir='ltr'><strong>possint</strong></span> <span class='ocrx_word' id='word_1_144' title='bbox 688 2339 791 2403; x_wconf 86' lang='lat' dir='ltr'><strong>tenuia,</strong></span> <span class='ocrx_word' id='word_1_145' title='bbox 806 2339 885 2394; x_wconf 84' lang='lat' dir='ltr'><strong>venti</strong></span> 
     </span>
     <span class='ocr_line' id='line_1_25' title="bbox 200 2416 900 2490; baseline 0.003 -18"><span class='ocrx_word' id='word_1_146' title='bbox 200 2419 342 2473; x_wconf 83' lang='lat' dir='ltr'><strong>Portantes</strong></span> <span class='ocrx_word' id='word_1_147' title='bbox 355 2430 457 2490; x_wconf 87' lang='lat' dir='ltr'><strong>cogunt</strong></span> <span class='ocrx_word' id='word_1_148' title='bbox 466 2416 501 2472; x_wconf 89' lang='lat' dir='ltr'><strong>ad</strong></span> <span class='ocrx_word' id='word_1_149' title='bbox 515 2416 621 2472; x_wconf 87' lang='lat' dir='ltr'><strong>summa</strong></span> <span class='ocrx_word' id='word_1_150' title='bbox 630 2419 773 2473; x_wconf 84' lang='lat' dir='ltr'><strong>cacumina</strong></span> <span class='ocrx_word' id='word_1_151' title='bbox 783 2419 900 2474; x_wconf 79' lang='lat' dir='ltr'><strong>montis.</strong></span> 
     </span>
    </p>

    <p class='ocr_par' dir='ltr' id='par_1_11' title="bbox 196 2496 940 2733">
     <span class='ocr_line' id='line_1_26' title="bbox 197 2496 828 2573; baseline 0.003 -21"><span class='ocrx_word' id='word_1_152' title='bbox 197 2498 253 2552; x_wconf 85' lang='lat' dir='ltr'><strong>Hic</strong></span> <span class='ocrx_word' id='word_1_153' title='bbox 267 2496 378 2552; x_wconf 86' lang='lat' dir='ltr'><strong>demum</strong></span> <span class='ocrx_word' id='word_1_154' title='bbox 393 2497 433 2561; x_wconf 80' lang='lat' dir='ltr'><strong>fit,</strong></span> <span class='ocrx_word' id='word_1_155' title='bbox 451 2497 492 2550; x_wconf 90' lang='lat' dir='ltr'><strong>uti</strong></span> <span class='ocrx_word' id='word_1_156' title='bbox 507 2498 585 2554; x_wconf 85' lang='lat' dir='ltr'><strong>turba</strong></span> <span class='ocrx_word' id='word_1_157' title='bbox 599 2498 701 2573; x_wconf 89' lang='lat' dir='ltr'><strong>majore</strong></span> <span class='ocrx_word' id='word_1_158' title='bbox 722 2515 828 2564; x_wconf 85' lang='lat' dir='ltr'><strong>coorta,</strong></span> 
     </span>
     <span class='ocr_line' id='line_1_27' title="bbox 196 2575 883 2652; baseline 0.003 -20"><span class='ocrx_word' id='word_1_159' title='bbox 196 2576 355 2644; x_wconf 87' lang='lat' dir='ltr'><strong>Condensa,</strong></span> <span class='ocrx_word' id='word_1_160' title='bbox 371 2596 401 2631; x_wconf 84' lang='lat' dir='ltr'><strong>ac</strong></span> <span class='ocrx_word' id='word_1_161' title='bbox 415 2575 510 2652; x_wconf 81' lang='lat' dir='ltr'><strong>stipata</strong></span> <span class='ocrx_word' id='word_1_162' title='bbox 524 2577 603 2633; x_wconf 87' lang='lat' dir='ltr'><strong>simul</strong></span> <span class='ocrx_word' id='word_1_163' title='bbox 616 2592 774 2644; x_wconf 84' lang='lat' dir='ltr'><strong>cernantur,</strong></span> <span class='ocrx_word' id='word_1_164' title='bbox 786 2593 811 2633; x_wconf 88' lang='lat' dir='ltr'><strong>et</strong></span> <span class='ocrx_word' id='word_1_165' title='bbox 825 2578 883 2634; x_wconf 87' lang='lat' dir='ltr'><strong>ndo</strong></span> 
     </span>
     <span class='ocr_line' id='line_1_28' title="bbox 197 2657 940 2733; baseline 0.001 -20"><span class='ocrx_word' id='word_1_166' title='bbox 197 2658 310 2714; x_wconf 89' lang='lat' dir='ltr'><strong>Vertice</strong></span> <span class='ocrx_word' id='word_1_167' title='bbox 322 2657 356 2712; x_wconf 90' lang='lat' dir='ltr'><strong>de</strong></span> <span class='ocrx_word' id='word_1_168' title='bbox 371 2657 473 2713; x_wconf 90' lang='lat' dir='ltr'><strong>montis</strong></span> <span class='ocrx_word' id='word_1_169' title='bbox 487 2657 633 2714; x_wconf 88' lang='lat' dir='ltr'><strong>videantur</strong></span> <span class='ocrx_word' id='word_1_170' title='bbox 647 2658 757 2733; x_wconf 85' lang='lat' dir='ltr'><strong>surgere</strong></span> <span class='ocrx_word' id='word_1_171' title='bbox 771 2660 801 2713; x_wconf 90' lang='lat' dir='ltr'><strong>in</strong></span> <span class='ocrx_word' id='word_1_172' title='bbox 815 2658 940 2714; x_wconf 81' lang='lat' dir='ltr'><strong>aethranr.</strong></span> 
     </span>
    </p>

    <p class='ocr_par' dir='ltr' id='par_1_12' title="bbox 198 2737 860 2813">
     <span class='ocr_line' id='line_1_29' title="bbox 198 2737 860 2813; baseline 0.003 -21"><span class='ocrx_word' id='word_1_173' title='bbox 198 2742 221 2764; x_wconf 79' lang='lat'><strong>¹²</strong></span> <span class='ocrx_word' id='word_1_174' title='bbox 235 2739 307 2792; x_wconf 85' lang='lat' dir='ltr'><strong>Nam</strong></span> <span class='ocrx_word' id='word_1_175' title='bbox 321 2740 382 2794; x_wconf 86' lang='lat' dir='ltr'><strong>loca</strong></span> <span class='ocrx_word' id='word_1_176' title='bbox 395 2737 514 2793; x_wconf 84' lang='lat' dir='ltr'><strong>declarat</strong></span> <span class='ocrx_word' id='word_1_177' title='bbox 526 2737 633 2793; x_wconf 89' lang='lat' dir='ltr'><strong>sursum</strong></span> <span class='ocrx_word' id='word_1_178' title='bbox 644 2738 752 2793; x_wconf 86' lang='lat' dir='ltr'><strong>ventosa</strong></span> <span class='ocrx_word' id='word_1_179' title='bbox 767 2754 860 2813; x_wconf 89' lang='lat' dir='ltr'><strong>patere</strong></span> 
     </span>
    </p>

    <p class='ocr_par' dir='ltr' id='par_1_13' title="bbox 200 2815 994 2892">
     <span class='ocr_line' id='line_1_30' title="bbox 200 2815 994 2892; baseline -0.001 -19"><span class='ocrx_word' id='word_1_180' title='bbox 200 2823 222 2846; x_wconf 73' lang='lat'><strong>‘⁶</strong></span> <span class='ocrx_word' id='word_1_181' title='bbox 234 2819 292 2873; x_wconf 85' lang='lat' dir='ltr'><strong>Res</strong></span> <span class='ocrx_word' id='word_1_182' title='bbox 304 2817 374 2892; x_wconf 84' lang='lat' dir='ltr'><strong>ipsa,</strong></span> <span class='ocrx_word' id='word_1_183' title='bbox 387 2815 521 2878; x_wconf 82' lang='lat' dir='ltr'><strong>etsensus,</strong></span> <span class='ocrx_word' id='word_1_184' title='bbox 534 2817 653 2873; x_wconf 72' lang='lat' dir='ltr'><strong>monteio</strong></span> <span class='ocrx_word' id='word_1_185' title='bbox 662 2838 725 2871; x_wconf 89' lang='lat' dir='ltr'><strong>cum</strong></span> <span class='ocrx_word' id='word_1_186' title='bbox 735 2818 906 2874; x_wconf 85' lang='lat' dir='ltr'><strong>ascendimus</strong></span> <span class='ocrx_word' id='word_1_187' title='bbox 917 2819 994 2874; x_wconf 82' lang='lat' dir='ltr'><strong>altos.</strong></span> 
     </span>
    </p>

    <p class='ocr_par' dir='ltr' id='par_1_14' title="bbox 197 2897 926 3292">
     <span class='ocr_line' id='line_1_31' title="bbox 243 2897 926 2972; baseline 0.007 -21"><span class='ocrx_word' id='word_1_188' title='bbox 243 2897 385 2960; x_wconf 78' lang='lat' dir='ltr'><strong>Praeterea,</strong></span> <span class='ocrx_word' id='word_1_189' title='bbox 401 2898 537 2969; x_wconf 87' lang='lat' dir='ltr'><strong>permulta</strong></span> <span class='ocrx_word' id='word_1_190' title='bbox 552 2898 623 2952; x_wconf 89' lang='lat' dir='ltr'><strong>mari</strong></span> <span class='ocrx_word' id='word_1_191' title='bbox 637 2917 748 2972; x_wconf 88' lang='lat' dir='ltr'><strong>quoque</strong></span> <span class='ocrx_word' id='word_1_192' title='bbox 761 2899 855 2954; x_wconf 78' lang='lat' dir='ltr'><strong>toiiere</strong></span> <span class='ocrx_word' id='word_1_193' title='bbox 869 2915 926 2956; x_wconf 88' lang='lat' dir='ltr'><strong>toto</strong></span> 
     </span>
     <span class='ocr_line' id='line_1_32' title="bbox 198 2975 849 3051; baseline 0 -18"><span class='ocrx_word' id='word_1_194' title='bbox 198 2979 326 3051; x_wconf 87' lang='lat' dir='ltr'><strong>Corpora</strong></span> <span class='ocrx_word' id='word_1_195' title='bbox 339 2990 476 3040; x_wconf 87' lang='lat' dir='ltr'><strong>naturam,</strong></span> <span class='ocrx_word' id='word_1_196' title='bbox 491 2975 631 3031; x_wconf 82' lang='lat' dir='ltr'><strong>declarant</strong></span> <span class='ocrx_word' id='word_1_197' title='bbox 643 2979 734 3031; x_wconf 88' lang='lat' dir='ltr'><strong>littore</strong></span> <span class='ocrx_word' id='word_1_198' title='bbox 749 2977 831 3033; x_wconf 81' lang='lat' dir='ltr'><strong>vestes</strong></span> <span class='ocrx_word' id='word_1_199' title='bbox 846 2987 849 2992; x_wconf 84' lang='lat'>&#39;</span> 
     </span>
     <span class='ocr_line' id='line_1_33' title="bbox 198 3054 905 3132; baseline 0.006 -22"><span class='ocrx_word' id='word_1_200' title='bbox 198 3054 347 3132; x_wconf 80' lang='lat' dir='ltr'><strong>suspensae,</strong></span> <span class='ocrx_word' id='word_1_201' title='bbox 362 3074 425 3110; x_wconf 88' lang='lat' dir='ltr'><strong>curn</strong></span> <span class='ocrx_word' id='word_1_202' title='bbox 437 3055 602 3131; x_wconf 86' lang='lat' dir='ltr'><strong>concipiunt</strong></span> <span class='ocrx_word' id='word_1_203' title='bbox 615 3055 741 3112; x_wconf 90' lang='lat' dir='ltr'><strong>humoris</strong></span> <span class='ocrx_word' id='word_1_204' title='bbox 754 3055 905 3119; x_wconf 81' lang='lat' dir='ltr'><strong>adhaesum.</strong></span> 
     </span>
     <span class='ocr_line' id='line_1_34' title="bbox 199 3134 923 3212; baseline 0.008 -21"><span class='ocrx_word' id='word_1_205' title='bbox 199 3139 270 3212; x_wconf 74' lang='lat' dir='ltr'><strong>Quo</strong></span> <span class='ocrx_word' id='word_1_206' title='bbox 280 3137 369 3210; x_wconf 83' lang='lat' dir='ltr'><strong>magia</strong></span> <span class='ocrx_word' id='word_1_207' title='bbox 382 3134 415 3190; x_wconf 84' lang='lat' dir='ltr'><strong>ad</strong></span> <span class='ocrx_word' id='word_1_208' title='bbox 430 3136 527 3190; x_wconf 82' lang='lat' dir='ltr'><strong>nubeia</strong></span> <span class='ocrx_word' id='word_1_209' title='bbox 539 3137 678 3211; x_wconf 86' lang='lat' dir='ltr'><strong>augendas</strong></span> <span class='ocrx_word' id='word_1_210' title='bbox 691 3140 778 3193; x_wconf 84' lang='lat' dir='ltr'><strong>multa</strong></span> <span class='ocrx_word' id='word_1_211' title='bbox 791 3137 923 3197; x_wconf 86' lang='lat' dir='ltr'><strong>videntur</strong></span> 
     </span>
     <span class='ocr_line' id='line_1_35' title="bbox 197 3215 917 3292; baseline 0.007 -21"><span class='ocrx_word' id='word_1_212' title='bbox 197 3215 275 3272; x_wconf 88' lang='lat' dir='ltr'><strong>Posse</strong></span> <span class='ocrx_word' id='word_1_213' title='bbox 284 3235 394 3289; x_wconf 90' lang='lat' dir='ltr'><strong>quoque</strong></span> <span class='ocrx_word' id='word_1_214' title='bbox 407 3235 422 3270; x_wconf 90' lang='lat' dir='ltr'><strong>e</strong></span> <span class='ocrx_word' id='word_1_215' title='bbox 437 3215 500 3270; x_wconf 87' lang='lat' dir='ltr'><strong>salso</strong></span> <span class='ocrx_word' id='word_1_216' title='bbox 513 3215 676 3291; x_wconf 87' lang='lat' dir='ltr'><strong>consurgere</strong></span> <span class='ocrx_word' id='word_1_217' title='bbox 688 3217 811 3274; x_wconf 89' lang='lat' dir='ltr'><strong>momine</strong></span> <span class='ocrx_word' id='word_1_218' title='bbox 823 3222 917 3292; x_wconf 89' lang='lat' dir='ltr'><strong>ponti.</strong></span> 
     </span>
    </p>

    <p class='ocr_par' dir='ltr' id='par_1_15' title="bbox 198 3293 971 3371">
     <span class='ocr_line' id='line_1_36' title="bbox 198 3293 971 3371; baseline 0.012 -22"><span class='ocrx_word' id='word_1_219' title='bbox 198 3300 220 3325; x_wconf 87' lang='lat'>“</span> <span class='ocrx_word' id='word_1_220' title='bbox 229 3296 378 3351; x_wconf 83' lang='lat' dir='ltr'><strong>Narnratio</strong></span> <span class='ocrx_word' id='word_1_221' title='bbox 391 3316 454 3350; x_wconf 91' lang='lat' dir='ltr'><strong>curn</strong></span> <span class='ocrx_word' id='word_1_222' title='bbox 468 3295 599 3371; x_wconf 88' lang='lat' dir='ltr'><strong>sanguine</strong></span> <span class='ocrx_word' id='word_1_223' title='bbox 612 3295 683 3351; x_wconf 85' lang='lat' dir='ltr'><strong>abest</strong></span> <span class='ocrx_word' id='word_1_224' title='bbox 693 3293 858 3354; x_wconf 86' lang='lat' dir='ltr'><strong>humoribus</strong></span> <span class='ocrx_word' id='word_1_225' title='bbox 868 3302 971 3358; x_wconf 77' lang='lat' dir='ltr'><strong>omnis.</strong></span> 
     </span>
    </p>

    <p class='ocr_par' dir='ltr' id='par_1_16' title="bbox 234 3374 973 3456">
     <span class='ocr_line' id='line_1_37' title="bbox 234 3374 973 3456; baseline 0 -18"><span class='ocrx_word' id='word_1_226' title='bbox 234 3377 380 3444; x_wconf 81' lang='lat' dir='ltr'><strong>Praeterea,</strong></span> <span class='ocrx_word' id='word_1_227' title='bbox 396 3375 489 3434; x_wconf 83' lang='lat' dir='ltr'><strong>fluviis</strong></span> <span class='ocrx_word' id='word_1_228' title='bbox 502 3396 537 3432; x_wconf 82' lang='lat' dir='ltr'><strong>ex</strong></span> <span class='ocrx_word' id='word_1_229' title='bbox 551 3374 693 3445; x_wconf 84' lang='lat' dir='ltr'><strong>omnibus,</strong></span> <span class='ocrx_word' id='word_1_230' title='bbox 708 3393 735 3434; x_wconf 90' lang='lat' dir='ltr'><strong>et</strong></span> <span class='ocrx_word' id='word_1_231' title='bbox 748 3378 826 3436; x_wconf 87' lang='lat' dir='ltr'><strong>simul</strong></span> <span class='ocrx_word' id='word_1_232' title='bbox 839 3378 900 3456; x_wconf 87' lang='lat' dir='ltr'><strong>ipsa</strong></span> <span class='ocrx_word' id='word_1_233' title='bbox 971 3437 973 3445; x_wconf 86' lang='grc'>,</span> 
     </span>
    </p>

    <p class='ocr_par' dir='ltr' id='par_1_17' title="bbox 728 3459 975 3535">
     <span class='ocr_line' id='line_1_38' title="bbox 728 3459 975 3535; baseline 0.004 -21"><span class='ocrx_word' id='word_1_234' title='bbox 728 3459 730 3462; x_wconf 71' lang='grc'><strong>’</strong></span> <span class='ocrx_word' id='word_1_235' title='bbox 858 3459 975 3535; x_wconf 60' lang='lat' dir='ltr'><strong>Surgere</strong></span> 
     </span>
    </p>
   </div>
   <div class='ocr_carea' id='block_1_3' title="bbox 0 0 1184 3875">
    <p class='ocr_par' dir='ltr' id='par_1_18' title="bbox 0 0 1184 3875">
     <span class='ocr_line' id='line_1_39' title="bbox 0 0 1184 3875; baseline 0 2"><span class='ocrx_word' id='word_1_236' title='bbox 0 0 1184 3875; x_wconf 95' lang='lat' dir='ltr'><strong> </strong></span> 
     </span>
    </p>
   </div>
  </div>
 </body>
</html>
