2359 3875
196 550 367 618 Discutiant‚
382 552 426 608 sed
437 566 545 608 nuturae
558 550 667 626 species,
679 554 829 627 ratioque.¹

240 632 368 688 Primum
381 633 520 688 Animum
529 632 596 689 dico
610 631 738 703 [mentem
751 651 836 707 quern
847 630 917 706 saepe
930 647 976 686 vo-

324 713 438 785 tamnu)

198 792 234 846 In
254 808 310 863 quo
324 792 478 849 concilium
491 793 567 858 vitaz,
583 794 765 869 regimenque
776 786 942 856 locatum'st,

197 869 258 927 Effe
266 870 388 929 hominis
402 888 509 949 partem
522 872 613 929 nihilo
628 874 736 939 minus,
760 894 790 930 ac
813 890 925 937 manus,
945 884 969 925 et

321 972 381 1027 pes,

195 1030 292 1106 Atque
301 1032 377 1088 oculi
391 1048 482 1108 partes
494 1033 643 1090 animantis
658 1033 742 1089 totius
755 1048 864 1089 extant.

197 1112 337 1187 Quamvis
349 1114 438 1169 multa
451 1113 566 1188 quidem
579 1114 741 1188 sapientum
753 1115 833 1172 turba
847 1126 978 1188 putarunt

196 1192 312 1249 Sensum
327 1193 415 1249 animi
429 1209 502 1250 certa
515 1214 574 1251 non
586 1192 635 1249 effe
646 1194 676 1248 iu
689 1209 766 1267 parte
780 1194 922 1257 locatum3

73 1250 96 1307 a
196 1272 305 1329 Verum
316 1271 445 1330 habitum
461 1274 600 1349 quendam
611 1274 724 1329 vitalem
740 1274 871 1348 corporis
884 1271 953 1336 effu

73 1356 113 1429 0,
128 1350 173 1438 fl
195 1352 382 1427 Harmoniam
393 1355 472 1431 Graij
486 1353 693 1429 quamdicunt3
717 1354 793 1425 quod
807 1352 893 1409 faciat
903 1372 953 1408 nos

130 1466 165 1549 a
196 1426 301 1488 Vivere
314 1454 376 1490 cum
390 1433 477 1500 sensu,
492 1435 571 1490 nulla
584 1453 648 1489 cum
661 1433 690 1488 iu
703 1446 781 1508 parte
791 1434 837 1489 fiet
849 1450 948 1488 mens:

73 1491 126 1548 α’
195 1510 238 1569 Ut
252 1514 325 1569 bona
338 1513 407 1589 sape
420 1512 550 1569 valetudo
564 1531 628 1569 cum
641 1511 746 1569 dicitur
758 1511 808 1569 eise

74 1578 143 1660 JV,
195 1592 350 1667 Corporis3
375 1608 401 1648 et
411 1613 470 1650 non
483 1592 518 1649 est
530 1605 620 1647 tamen
627 1589 683 1647 haec
693 1593 820 1667 parsulla
831 1589 961 1649 valentis:

194 1670 239 1727 Sic
251 1672 338 1727 animi
351 1672 458 1729 sensum
467 1692 525 1729 non
534 1687 607 1728 certa
620 1687 697 1747 parte
710 1687 867 1747 reponunt:

192 1751 366 1827 Magnopere
374 1752 405 1808 in
419 1772 475 1827 quo
488 1754 529 1808 mi
541 1751 639 1808 diverfi
654 1771 742 1807 errare
755 1751 900 1809 videntur.

236 1832 313 1908 Saepe
325 1834 423 1906 utique
432 1834 462 1888 in
476 1847 612 1909 promptu
622 1850 733 1907 corpus,
749 1832 826 1907 quod
839 1830 972 1897 comitur,

318 1928 411 1990 aegrlt3

193 1995 269 2052 Cum
282 2009 372 2051 tamen
383 2015 418 2052 ex
431 1997 485 2054 alia
494 1999 619 2054 laetamur
631 2010 708 2071 parte
721 1995 833 2062 latenti:

191 2073 229 2128 Et
242 2088 316 2130 retro
330 2075 372 2142 fit,
383 2078 425 2132 uti
439 2092 537 2132 contra
550 2076 580 2132 fit
592 2076 661 2151 saepe
676 2074 804 2141 vieiffim,

193 2154 270 2209 Cum
285 2154 365 2210 miser
374 2175 408 2211 ex
422 2158 528 2221 animo,
540 2158 646 2220 laetatur
658 2174 774 2230 corpore
788 2169 862 2212 toto:

192 2233 260 2289 Nou
275 2235 329 2291 alio
341 2233 431 2310 panio,
446 2256 530 2310 quarn
544 2235 562 2290 fi
577 2254 625 2309 pes
637 2255 701 2289 eum
715 2234 790 2290 dolet
799 2236 874 2311 aegri,

193 2311 231 2369 Jn
240 2314 320 2369 nullo
332 2329 415 2389 caput
427 2318 531 2372 interea
544 2314 574 2368 sit
587 2313 657 2368 forte
669 2313 776 2369 dolore.

232 2393 365 2449 Praeterea
376 2394 455 2451 molli
467 2394 560 2450 somno
573 2412 638 2448 cum
651 2391 742 2448 dedita
754 2395 892 2460 membran

192 2469 375 2547 Effusumque
386 2475 456 2549 jacet
468 2475 523 2532 fine
536 2472 613 2529 seusu
628 2491 730 2547 corpus
742 2473 889 2530 onustum:

191 2550 236 2607 Est
250 2553 328 2609 aliud
343 2568 433 2610 tamen
448 2555 478 2611 in
492 2554 584 2618 nobis,
597 2552 672 2627 quod
685 2567 808 2626 ternpore
821 2553 851 2609 in
862 2556 912 2613 illo

189 2632 370 2691 Multimodis
383 2637 519 2711 agitatum
544 2649 571 2689 et
583 2635 688 2689 omneis
701 2632 800 2707 accipit
813 2634 844 2690 in
857 2635 884 2690 se

189 2711 303 2770 Laetitiae
317 2730 419 2781 motus,
434 2730 460 2771 et
474 2735 552 2774 curas
562 2712 655 2769 cordis
668 2712 786 2769 inaneis.

232 2793 317 2850 Nunc
330 2796 466 2851 Animam
474 2811 584 2869 quoque
593 2808 625 2850 ut
638 2793 668 2848 in
676 2792 806 2852 membris
814 2795 974 2873 cognoscere

314 2874 396 2949 poffis

188 2953 260 3019 Effe,
269 2973 364 3026 ‚neque
377 2954 552 3012 harmoniam
567 2974 669 3031 corpus
683 2954 802 3012 retinere
813 2954 915 3012 solere:

186 3033 319 3108 Pineipio
334 3036 376 3099 fit,
388 3035 431 3092 uti
440 3035 560 3092 detraiio
571 3055 688 3111 corpore
701 3039 801 3100 multo,

187 3114 263 3189 saepe
275 3127 365 3171 tamen
379 3117 459 3171 nobis
473 3117 503 3171 iu
514 3117 647 3171 membris
661 3116 718 3172 vita
729 3129 863 3170 moretur.

229 3196 325 3265 Atque
334 3195 426 3251 eadem
442 3194 546 3260 rursus,
562 3215 625 3250 cum
635 3214 753 3269 corpora
767 3214 853 3270 pauca
863 3195 961 3252 caloris

186 3273 344 3347 Diffugere3
375 3275 499 3349 forasque
510 3295 600 3350 perus
613 3273 648 3329 est
660 3275 749 3332 editus
763 3295 824 3339 aer·‚

182 3353 292 3414 Deserit
305 3358 446 3434 extemplo
456 3375 550 3424 venas,
570 3369 651 3429 atque
665 3353 720 3414 offa
734 3355 886 3430 relinquit:

857 3437 978 3490 &ninere
