2359 3875
296 420 495 526 LIBER
540 451 789 522 SEXTUS.
888 474 947 539 ¹9¹

169 590 288 662 Surgere
302 585 335 639 de
350 601 419 640 terra
433 581 557 647 nebulas,
573 581 722 657 aestumque
736 579 877 636 videmus:

169 671 243 746 Qua
259 670 334 723 velut
347 666 461 731 halitus,
477 662 542 718 hinc
556 663 595 718 ita
605 662 712 718 sursum
721 658 842 737 expressa
854 658 949 717 feruu-

298 761 355 811 tur,

168 824 396 901 suffunduntque
410 823 455 878 sua
468 824 569 879 coelum
582 823 713 897 caligine,
727 837 754 879 et
764 826 829 880 astas

169 906 317 963 Sufficiunt
331 904 429 961 nubeis
439 904 585 978 paullatim
599 904 806 960 conveniundo.

169 988 260 1062 Urget
272 987 349 1041 euim
360 1002 470 1058 quoque
483 982 603 1059 signiferi
618 983 701 1059 super
713 982 819 1040 etheris
832 982 920 1051 astur,

167 1068 205 1121 Et
217 1066 290 1141 quasi
304 1064 442 1121 densendo
455 1064 575 1120 subtexit
588 1066 688 1120 caerula
701 1065 819 1120 nimbis.

210 1147 256 1202 Fit
269 1164 392 1221 quoque,
407 1160 440 1201 ut
450 1143 525 1201 hunc
536 1146 649 1202 veniant
658 1145 688 1200 iu
698 1159 801 1200 coetum
815 1144 946 1200 extrinse-

296 1244 343 1281 cus
357 1226 406 1280 itta

169 1308 307 1383 Corpora,
322 1303 612 1380 quaesaciuntnubeis,
625 1302 786 1379 nimbosque
800 1305 943 1360 volanteir.

169 1387 409 1443 innumerabilem
419 1387 495 1441 enim
508 1405 667 1451 numerum,
682 1384 871 1458 summamque
880 1403 946 1461 pro·

295 1465 378 1522 fundi

169 1543 229 1603 Esse
242 1548 381 1603 infinitam
395 1546 492 1604 docuit
516 1564 673 1625 quantaque
688 1550 811 1605 volarent

168 1628 296 1704 Corpora
311 1628 472 1695 mobilitate,
488 1628 605 1694 uisendi,
621 1650 758 1705 quamque
773 1643 884 1704 repente

170 1707 396 1764 Immemorabite
411 1728 460 1783 per
470 1709 589 1783 spatium
604 1710 714 1765 transire
728 1711 856 1765 solerent.

166 1787 251 1844 Haud
267 1789 354 1865 igitur
367 1786 513 1855 mirumst,
531 1790 547 1843 si
563 1809 651 1864 parvo
666 1806 790 1866 tempore
805 1784 877 1866 sae'pe'

164 1869 236 1924 Tam
248 1879 363 1944 magnos
376 1870 493 1925 montcis
508 1869 658 1946 tempestau,
675 1888 756 1944 atque
767 1873 883 1926 tenebre

157 1945 339 2024 'Conperianr
350 1951 446 2017 maria,
461 1972 490 2006 ac
505 1967 599 2018 terras,
616 1952 739 2027 impensa
753 1952 879 2026 superne.

169 2029 304 2104 Undique
317 2031 542 2104 quandoquidem
557 2035 705 2107 percaulas
716 2031 822 2086 atheiis
835 2031 951 2098 omneis,

168 2109 204 2163 Et
216 2109 290 2185 quab
306 2111 462 2185 permagni
476 2112 582 2167 circum
599 2111 735 2185 spiracula
746 2111 846 2165 mundi

170 2190 283 2256 Exitus,
299 2184 483 2264 introitusque
493 2192 633 2246 elementis
654 2190 776 2246 redditus
786 2206 872 2247 extat.
944 2186 948 2191 ’

212 2271 296 2326 Nunc
309 2289 367 2344 age,
383 2289 439 2343 quo
454 2270 531 2346 pasto
545 2272 658 2346 pluvius
669 2271 821 2327 concrescat
835 2274 864 2327 in
878 2272 939 2328 altis

169 2351 300 2407 Nubibus
313 2348 426 2416 humor,
441 2351 506 2405 etin
520 2366 604 2406 terras
617 2352 748 2408 demissus
760 2368 792 2408 ut
804 2353 893 2409 imber

169 2431 299 2496 Decidat,
315 2430 471 2505 expediam.
496 2433 625 2486 Primum
632 2433 693 2507 jam
707 2431 808 2488 semina
822 2434 904 2507 aquai

169 2512 260 2568 Multa
273 2511 352 2566 simul
364 2510 475 2566 vincam
486 2511 649 2586 consurgere
661 2512 783 2567 nubibus
797 2513 862 2586 ipsru

169 2591 311 2648 Omnibus
319 2610 353 2646 ex
366 2592 458 2656 rebus,
471 2592 630 2666 pariterque
641 2591 797 2646 increscere
808 2591 944 2663 utrasque,

169 2673 206 2726 Et
217 2668 327 2736 nubem,
343 2686 369 2726 et
380 2691 492 2747 aquam,
506 2689 677 2746 quaecunque
690 2672 719 2724 in
728 2671 849 2725 nubibus
860 2685 949 2737 extat,

170 2753 211 2808 Ut
225 2753 328 2826 pariter
340 2752 421 2807 nobis
433 2770 534 2825 corpur
548 2770 612 2805 cum
621 2750 752 2825 sanguine
765 2749 870 2816 crescit,

169 2832 260 2889 Sudor
272 2832 339 2886 irem
364 2845 444 2907 atque
466 2829 571 2888 humor
593 2829 754 2905 quicunque
775 2829 811 2886 est
830 2830 951 2906 denique

289 2912 430 2966 membris.

169 2991 343 3068 Concipiunt
355 2992 435 3046 etiam
449 2992 569 3047 multum
583 3011 694 3067 quoque
709 2991 776 3068 sape
789 2993 931 3048 marinum

169 3072 337 3136 Humorem,
349 3071 435 3126 veluti
451 3071 602 3146 pendentia
616 3073 715 3127 vellera
726 3075 806 3138 lana,

169 3153 244 3206 Curn
258 3149 354 3225 supera
370 3169 502 3225 magnum
516 3153 593 3208 venti
608 3172 682 3206 mare
692 3153 788 3209 nubila
802 3167 926 3228 portant.

169 3231 317 3286 Consimili
331 3228 436 3286 ratione
448 3232 628 3297 exomnibus
637 3233 765 3287 amnibus
777 3229 883 3288 humor

167 3310 294 3366 Tollitur
307 3311 458 3366 innubeis:
475 3329 606 3385 quocum
620 3312 690 3366 bene
703 3310 803 3367 semina
815 3330 948 3386 aquarum

167 3389 259 3447 Multa
274 3390 365 3448 modis
378 3391 474 3449 multis
487 3408 640 3447 convenere
653 3389 779 3468 undique
791 3389 919 3448 adaueta:

496 3472 525 3531 R
540 3488 556 3537 r
816 3467 962 3528 Cronium
