2359 3875
156 483 203 532 ¹·
277 448 341 536 156
463 427 943 515 [IUCRETII

271 570 343 627 Inde
355 570 517 628 minutatim
530 585 606 628 retro
617 586 795 649 contorquet,
810 588 837 629 et
852 572 941 629 aufert

269 649 428 708 Luciferam
439 666 545 727 partem
555 653 777 728 glomeraminis
792 667 875 727 atque
887 651 976 728 pilai:

272 730 315 787 Ut
328 729 670 809 BabylonicaChaldzam
680 731 805 789 dodlrina
819 732 943 789 refutans

270 808 485 888 Aslrologorum
494 825 580 868 artem
591 825 688 868 contra
700 812 864 869 convincere
874 812 981 900 tendit:

269 890 395 947 Proinde
409 891 483 967 quali
497 891 559 949 fieri
571 907 689 966 nequeat
701 892 779 967 quod
795 906 902 969 pugnat
912 883 1041 965 litesque,

269 972 332 1027 Aut
345 971 439 1028 minus
451 968 505 1028 hoe
517 972 566 1027 illo
580 971 611 1027 lit
623 992 673 1028 cur
684 970 846 1049 amplellier
854 972 936 1035 aulis.

311 1048 451 1125 Denique¹
463 1071 514 1107 eur
524 1065 643 1128 nequeat
656 1052 760 1127 semper
769 1073 842 1109 nova
856 1053 922 1109 luna
935 1055 1023 1111 creari

273 1130 385 1188 Ordine
397 1130 550 1187 formarum
561 1147 647 1197 certo,
657 1132 791 1207 certisque
804 1132 913 1208 figuris,

269 1212 362 1287 Inque
376 1212 436 1267 dics
450 1212 546 1288 privos
558 1212 710 1268 adolescere
719 1231 836 1289 quaeque
849 1227 949 1281 creata,

268 1294 365 1367 Atque
377 1292 430 1348 alia
443 1293 519 1349 illius
539 1293 662 1367 reparari
675 1293 807 1367 inpane,
823 1293 952 1369 locoque,

267 1369 425 1429 Difficile'st
440 1373 545 1429 ratione
558 1374 669 1440 docere,
684 1388 711 1429 et
720 1373 828 1428 vincere
838 1374 947 1440 verbis3

270 1453 381 1509 Ordine
390 1474 455 1509 cum
468 1453 561 1509 rideas
575 1468 632 1509 tam
642 1469 717 1509 certo
727 1455 814 1509 multa
827 1452 925 1509 creari.

269 1535 299 1587 It
312 1552 369 1599 ver,
381 1548 408 1587 et
423 1534 530 1599 Venus
542 1548 570 1588 et
583 1534 703 1589 Veneris
712 1533 888 1610 praenuncius
901 1549 964 1590 ante

267 1614 404 1668 Pinnatus
418 1612 544 1689 graditur
557 1612 704 1691 Zephyrus
716 1612 830 1689 vesligia
844 1629 976 1706 propter:

268 1695 350 1748 Flora
360 1693 461 1765 quibus
475 1708 563 1748 mater
574 1693 763 1785 prespergeus
775 1708 838 1750 ante
851 1693 907 1749 viai

270 1773 377 1827 Cunila
392 1770 535 1828 coloribus
547 1774 675 1847 egregiis,
691 1791 717 1828 et
729 1773 863 1830 odoribus
874 1776 986 1850 opplet.

268 1855 341 1907 Inde
356 1854 410 1907 lori
423 1852 545 1925 sequitur
557 1855 634 1908 calor
646 1854 751 1918 aridus,
766 1868 794 1909 et
806 1872 897 1909 comes
909 1873 965 1911 una

266 1934 464 1991 Pulverulenta
475 1933 567 1999 Ceres,
580 1950 606 1989 et
620 1933 705 1990 Etefia
719 1933 805 1992 flabra
817 1934 1011 2010 Aquilonum.

267 2016 339 2070 Inde
350 2014 514 2071 Autumnus
527 2015 602 2070 adit:
618 2016 745 2090 graditur
760 2015 839 2070 simul
851 2015 942 2073 Euius
955 2017 1053 2074 Euan:

268 2096 341 2151 Inde
353 2095 411 2150 aliae
426 2094 605 2170 tempestates
622 2094 752 2168 veniique
765 2095 931 2169 sequuntur,

265 2175 429 2232 Altitonans
444 2175 615 2240 Vulturnus
630 2190 657 2228 et
670 2175 772 2231 Auller
783 2175 903 2232 fulmine
915 2177 1036 2251 pollens.

265 2254 393 2311 Tandem
408 2254 550 2308 Bruma
522 2255 611 2309 niveis
625 2253 723 2321 adfert,
740 2256 911 2332 pigrumque
925 2257 1049 2332 rigorem

268 2334 385 2400 Reddit,
400 2331 497 2410 hyems
510 2333 645 2408 sequitur,
656 2335 807 2411 crepitans,
818 2355 849 2392 ac
861 2335 991 2394 dentibus
998 2335 1053 2392 Al·

348 2433 409 2490 gus.

268 2498 337 2596 Ονιιο
350 2495 444 2551 minus
457 2493 492 2550 est
505 2495 623 2564 mirum
637 2495 740 2554 licerto
752 2512 877 2574 tempore
889 2498 956 2555 luna

266 2571 413 2653 Gignitur,
429 2589 456 2630 et
465 2591 540 2632 certo
553 2576 662 2633 deletur
674 2591 796 2652 tempore
809 2579 919 2634 rursus:

265 2659 342 2714 Cum
356 2657 415 2717 fieri
429 2655 531 2734 possint
542 2671 596 2712 tam
605 2673 680 2714 certo
688 2671 811 2733 tempore
820 2661 919 2715 multa.

308 2737 398 2795 Solis
390 2751 458 2792 rtem
470 2754 582 2811 quoque
595 2735 724 2802 defessus,
739 2740 868 2815 luuaeque
880 2738 1008 2807 latebras,

267 2818 426 2875 Pluribuse
437 2816 522 2872 caulis
535 2816 595 2872 sieri
606 2817 657 2872 tibi
671 2815 746 2893 polle
760 2815 964 2893 putandum'st.

265 2899 340 2955 Nam
350 2917 401 2953 cur
412 2898 479 2952 luna
493 2910 576 2970 queat
585 2909 685 2951 terram
698 2896 834 2954 secludere
843 2898 906 2956 solis

266 2974 397 3044 Lumine,
412 2991 466 3031 eta
480 2975 559 3031 terris
568 2977 657 3033 altum
664 2992 751 3054 eaput
763 2977 904 3036 obslruere
916 2979 967 3048 eii,

169 3085 172 3092 ·
267 3057 412 3134 Objiciens
425 3075 527 3114 caecum
541 3055 626 3111 radiis
638 3056 800 3113 ardentibus
812 3060 927 3116 orbem:

265 3136 409 3212 Tempore
422 3138 518 3193 eodem
532 3136 608 3191 aliud
621 3134 710 3192 faeere
724 3137 754 3193 id
768 3157 827 3194 non
837 3138 913 3213 posse
925 3156 1042 3218 putetur

266 3217 389 3293 Corpus,
405 3217 483 3293 quod
496 3215 597 3272 cassum
611 3217 720 3273 labatur
737 3218 844 3273 lumine
858 3218 987 3311 semper?

266 3298 368 3373 Solque
381 3297 441 3354 suos
455 3298 538 3352 etiam
548 3295 690 3353 dimittere
703 3296 874 3373 languidus'
865 3302 955 3376 igneis

264 3376 408 3461 Tempore
417 3396 469 3436 eur
480 3391 555 3436 certo
565 3390 695 3455 nequeat
714 3396 890 3459 recreareque
901 3383 1006 3448 lumen

973 3462 1048 3519 Cum
