<?xml version="1.0" encoding="UTF-8"?>
<!DOCTYPE html PUBLIC "-//W3C//DTD XHTML 1.0 Transitional//EN"
    "http://www.w3.org/TR/xhtml1/DTD/xhtml1-transitional.dtd">
<html xmlns="http://www.w3.org/1999/xhtml" xml:lang="en" lang="en">
 <head>
  <title>
</title>
<meta http-equiv="Content-Type" content="text/html;charset=utf-8" />
  <meta name='ocr-system' content='tesseract 3.04.00' />
  <meta name='ocr-capabilities' content='ocr_page ocr_carea ocr_par ocr_line ocrx_word'/>
</head>
<body>
  <div class='ocr_page' id='page_1' title='image "./titilucretiicar03carugoog_0045.png"; bbox 0 0 2359 3875; ppageno 0'>
   <div class='ocr_carea' id='block_1_1' title="bbox 284 414 985 506">
    <p class='ocr_par' dir='ltr' id='par_1_1' title="bbox 284 414 985 506">
     <span class='ocr_line' id='line_1_1' title="bbox 284 414 985 506; baseline -0.004 -18"><span class='ocrx_word' id='word_1_1' title='bbox 284 418 477 491; x_wconf 79' lang='lat' dir='ltr'>rrnrrt</span> <span class='ocrx_word' id='word_1_2' title='bbox 513 414 878 489; x_wconf 72' lang='lat' dir='ltr'>recurrunt.</span> <span class='ocrx_word' id='word_1_3' title='bbox 939 439 985 506; x_wconf 74' lang='lat'>39</span> 
     </span>
    </p>
   </div>
   <div class='ocr_carea' id='block_1_2' title="bbox 195 540 988 3432">
    <p class='ocr_par' dir='ltr' id='par_1_2' title="bbox 236 540 847 628">
     <span class='ocr_line' id='line_1_2' title="bbox 236 540 847 628; baseline 0.002 -27"><span class='ocrx_word' id='word_1_4' title='bbox 236 543 280 605; x_wconf 81' lang='lat' dir='ltr'>Plus</span> <span class='ocrx_word' id='word_1_5' title='bbox 288 566 313 607; x_wconf 93' lang='lat' dir='ltr'>ut</span> <span class='ocrx_word' id='word_1_6' title='bbox 321 568 395 628; x_wconf 82' lang='lat' dir='ltr'>parte</span> <span class='ocrx_word' id='word_1_7' title='bbox 407 549 482 611; x_wconf 82' lang='lat' dir='ltr'>foras</span> <span class='ocrx_word' id='word_1_8' title='bbox 494 540 645 624; x_wconf 79' lang='lat' dir='ltr'>emeigant,</span> <span class='ocrx_word' id='word_1_9' title='bbox 659 546 847 621; x_wconf 74' lang='lat' dir='ltr'>exsiliantque.</span> 
     </span>
    </p>

    <p class='ocr_par' dir='ltr' id='par_1_3' title="bbox 234 625 988 706">
     <span class='ocr_line' id='line_1_3' title="bbox 234 625 988 706; baseline -0.004 -24"><span class='ocrx_word' id='word_1_10' title='bbox 234 626 273 685; x_wconf 87' lang='lat' dir='ltr'>Nec</span> <span class='ocrx_word' id='word_1_11' title='bbox 282 647 362 689; x_wconf 78' lang='lat' dir='ltr'>tamen</span> <span class='ocrx_word' id='word_1_12' title='bbox 372 631 441 697; x_wconf 72' lang='lat' dir='ltr'>hec,</span> <span class='ocrx_word' id='word_1_13' title='bbox 452 625 595 706; x_wconf 77' lang='lat' dir='ltr'>quantu&#39;st</span> <span class='ocrx_word' id='word_1_14' title='bbox 604 628 634 684; x_wconf 91' lang='lat' dir='ltr'>in</span> <span class='ocrx_word' id='word_1_15' title='bbox 645 628 680 692; x_wconf 82' lang='lat' dir='ltr'>se,</span> <span class='ocrx_word' id='word_1_16' title='bbox 692 627 862 690; x_wconf 79' lang='lat' dir='ltr'>dubitamus,</span> <span class='ocrx_word' id='word_1_17' title='bbox 871 625 988 699; x_wconf 78' lang='lat' dir='ltr'>opinor,</span> 
     </span>
    </p>

    <p class='ocr_par' dir='ltr' id='par_1_4' title="bbox 234 704 965 786">
     <span class='ocr_line' id='line_1_4' title="bbox 234 704 965 786; baseline -0.005 -23"><span class='ocrx_word' id='word_1_18' title='bbox 234 707 290 782; x_wconf 71' lang='lat' dir='ltr'>Quin</span> <span class='ocrx_word' id='word_1_19' title='bbox 301 732 415 769; x_wconf 78' lang='lat' dir='ltr'>vacuum</span> <span class='ocrx_word' id='word_1_20' title='bbox 427 729 479 786; x_wconf 86' lang='lat' dir='ltr'>per</span> <span class='ocrx_word' id='word_1_21' title='bbox 489 709 577 764; x_wconf 81' lang='lat' dir='ltr'>Inane</span> <span class='ocrx_word' id='word_1_22' title='bbox 585 706 713 764; x_wconf 83' lang='lat' dir='ltr'>deorsum</span> <span class='ocrx_word' id='word_1_23' title='bbox 722 706 818 763; x_wconf 66' lang='lat' dir='ltr'>euntia</span> <span class='ocrx_word' id='word_1_24' title='bbox 828 704 937 761; x_wconf 83' lang='lat' dir='ltr'>feruntu</span> <span class='ocrx_word' id='word_1_25' title='bbox 942 725 965 759; x_wconf 88' lang='lat' dir='ltr'>r.</span> 
     </span>
    </p>

    <p class='ocr_par' dir='ltr' id='par_1_5' title="bbox 233 784 956 866">
     <span class='ocr_line' id='line_1_5' title="bbox 233 784 956 866; baseline 0 -26"><span class='ocrx_word' id='word_1_26' title='bbox 233 784 261 841; x_wconf 84' lang='lat' dir='ltr'>Sic</span> <span class='ocrx_word' id='word_1_27' title='bbox 270 792 345 866; x_wconf 80' lang='lat' dir='ltr'>igitur</span> <span class='ocrx_word' id='word_1_28' title='bbox 355 791 458 847; x_wconf 91' lang='lat' dir='ltr'>debent</span> <span class='ocrx_word' id='word_1_29' title='bbox 468 789 588 845; x_wconf 69' lang='lat' dir='ltr'>flamma</span> <span class='ocrx_word' id='word_1_30' title='bbox 600 805 712 862; x_wconf 91' lang='lat' dir='ltr'>quoque</span> <span class='ocrx_word' id='word_1_31' title='bbox 725 784 800 863; x_wconf 81' lang='lat' dir='ltr'>poffe</span> <span class='ocrx_word' id='word_1_32' title='bbox 814 804 956 861; x_wconf 74' lang='lat' dir='ltr'>perantes</span> 
     </span>
    </p>

    <p class='ocr_par' dir='ltr' id='par_1_6' title="bbox 230 863 903 947">
     <span class='ocr_line' id='line_1_6' title="bbox 230 863 903 947; baseline -0.007 -22"><span class='ocrx_word' id='word_1_33' title='bbox 230 863 287 925; x_wconf 76' lang='lat' dir='ltr'>Aen&#39;s</span> <span class='ocrx_word' id='word_1_34' title='bbox 297 870 422 947; x_wconf 77' lang='lat' dir='ltr'>expreffae</span> <span class='ocrx_word' id='word_1_35' title='bbox 435 867 544 925; x_wconf 84' lang='lat' dir='ltr'>sursum</span> <span class='ocrx_word' id='word_1_36' title='bbox 558 867 716 933; x_wconf 83' lang='lat' dir='ltr'>succedere3</span> <span class='ocrx_word' id='word_1_37' title='bbox 739 885 903 941; x_wconf 72' lang='lat' dir='ltr'>quanquam</span> 
     </span>
    </p>

    <p class='ocr_par' dir='ltr' id='par_1_7' title="bbox 231 941 981 1027">
     <span class='ocr_line' id='line_1_7' title="bbox 231 941 981 1027; baseline -0.004 -24"><span class='ocrx_word' id='word_1_38' title='bbox 231 941 336 1019; x_wconf 71' lang='lat' dir='ltr'>Pondere,</span> <span class='ocrx_word' id='word_1_39' title='bbox 351 964 489 1027; x_wconf 79' lang='lat' dir='ltr'>quantum</span> <span class='ocrx_word' id='word_1_40' title='bbox 503 943 611 1013; x_wconf 63' lang='lat' dir='ltr'>inscii,</span> <span class='ocrx_word' id='word_1_41' title='bbox 623 946 750 1005; x_wconf 84' lang='lat' dir='ltr'>deorsum</span> <span class='ocrx_word' id='word_1_42' title='bbox 763 946 897 1003; x_wconf 82' lang='lat' dir='ltr'>deducere</span> <span class='ocrx_word' id='word_1_43' title='bbox 909 962 981 1021; x_wconf 81' lang='lat' dir='ltr'>pug-</span> 
     </span>
    </p>

    <p class='ocr_par' dir='ltr' id='par_1_8' title="bbox 325 1046 405 1088">
     <span class='ocr_line' id='line_1_8' title="bbox 325 1046 405 1088; baseline -0.038 0"><span class='ocrx_word' id='word_1_44' title='bbox 325 1046 405 1088; x_wconf 88' lang='lat' dir='ltr'>nent.</span> 
     </span>
    </p>

    <p class='ocr_par' dir='ltr' id='par_1_9' title="bbox 229 1102 844 1185">
     <span class='ocr_line' id='line_1_9' title="bbox 229 1102 844 1185; baseline -0.005 -18"><span class='ocrx_word' id='word_1_45' title='bbox 229 1102 404 1185; x_wconf 73' lang='lat' dir='ltr'>Nodumsque</span> <span class='ocrx_word' id='word_1_46' title='bbox 425 1109 496 1167; x_wconf 75' lang='lat' dir='ltr'>faces</span> <span class='ocrx_word' id='word_1_47' title='bbox 509 1108 570 1165; x_wconf 80' lang='lat' dir='ltr'>eoeti</span> <span class='ocrx_word' id='word_1_48' title='bbox 584 1106 698 1166; x_wconf 81' lang='lat' dir='ltr'>sublime</span> <span class='ocrx_word' id='word_1_49' title='bbox 711 1108 844 1165; x_wconf 85' lang='lat' dir='ltr'>volanteis</span> 
     </span>
    </p>

    <p class='ocr_par' dir='ltr' id='par_1_10' title="bbox 228 1182 931 1267">
     <span class='ocr_line' id='line_1_10' title="bbox 228 1182 931 1267; baseline -0.001 -24"><span class='ocrx_word' id='word_1_50' title='bbox 228 1182 304 1246; x_wconf 85' lang='lat' dir='ltr'>Nonne</span> <span class='ocrx_word' id='word_1_51' title='bbox 315 1192 391 1248; x_wconf 85' lang='lat' dir='ltr'>vides</span> <span class='ocrx_word' id='word_1_52' title='bbox 404 1194 501 1267; x_wconf 81' lang='lat' dir='ltr'>longos</span> <span class='ocrx_word' id='word_1_53' title='bbox 516 1190 691 1247; x_wconf 82' lang='lat' dir='ltr'>flammarum</span> <span class='ocrx_word' id='word_1_54' title='bbox 703 1190 805 1245; x_wconf 88' lang='lat' dir='ltr'>ducere</span> <span class='ocrx_word' id='word_1_55' title='bbox 819 1187 931 1254; x_wconf 65' lang='lat' dir='ltr'>erastus,</span> 
     </span>
    </p>

    <p class='ocr_par' dir='ltr' id='par_1_11' title="bbox 227 1262 895 1346">
     <span class='ocr_line' id='line_1_11' title="bbox 227 1262 895 1346; baseline -0.006 -19"><span class='ocrx_word' id='word_1_56' title='bbox 227 1262 250 1319; x_wconf 79' lang='lat'>111</span> <span class='ocrx_word' id='word_1_57' title='bbox 259 1272 422 1346; x_wconf 78' lang='lat' dir='ltr'>quascunque</span> <span class='ocrx_word' id='word_1_58' title='bbox 435 1269 513 1327; x_wconf 86' lang='lat' dir='ltr'>dedit</span> <span class='ocrx_word' id='word_1_59' title='bbox 526 1270 629 1346; x_wconf 76' lang='lat' dir='ltr'>parteis</span> <span class='ocrx_word' id='word_1_60' title='bbox 640 1283 739 1327; x_wconf 82' lang='lat' dir='ltr'>natura</span> <span class='ocrx_word' id='word_1_61' title='bbox 752 1268 895 1325; x_wconf 84' lang='lat' dir='ltr'>meatum?</span> 
     </span>
    </p>

    <p class='ocr_par' dir='ltr' id='par_1_12' title="bbox 228 1343 901 1417">
     <span class='ocr_line' id='line_1_12' title="bbox 228 1343 901 1417; baseline 0.006 -16"><span class='ocrx_word' id='word_1_62' title='bbox 228 1343 274 1404; x_wconf 85' lang='lat' dir='ltr'>Non</span> <span class='ocrx_word' id='word_1_63' title='bbox 285 1350 376 1407; x_wconf 83' lang='lat' dir='ltr'>cadere</span> <span class='ocrx_word' id='word_1_64' title='bbox 389 1352 419 1408; x_wconf 88' lang='lat' dir='ltr'>in</span> <span class='ocrx_word' id='word_1_65' title='bbox 434 1364 534 1407; x_wconf 85' lang='lat' dir='ltr'>terram</span> <span class='ocrx_word' id='word_1_66' title='bbox 543 1349 640 1417; x_wconf 77' lang='lat' dir='ltr'>stellet,</span> <span class='ocrx_word' id='word_1_67' title='bbox 656 1365 682 1405; x_wconf 91' lang='lat' dir='ltr'>et</span> <span class='ocrx_word' id='word_1_68' title='bbox 692 1350 775 1406; x_wconf 80' lang='lat' dir='ltr'>sideru</span> <span class='ocrx_word' id='word_1_69' title='bbox 789 1347 901 1405; x_wconf 79' lang='lat' dir='ltr'>cernis?</span> 
     </span>
    </p>

    <p class='ocr_par' dir='ltr' id='par_1_13' title="bbox 225 1422 872 1506">
     <span class='ocr_line' id='line_1_13' title="bbox 225 1422 872 1506; baseline 0.005 -26"><span class='ocrx_word' id='word_1_70' title='bbox 225 1422 257 1481; x_wconf 87' lang='lat' dir='ltr'>Sol</span> <span class='ocrx_word' id='word_1_71' title='bbox 267 1431 340 1487; x_wconf 81' lang='lat' dir='ltr'>etiam</span> <span class='ocrx_word' id='word_1_72' title='bbox 351 1430 458 1487; x_wconf 87' lang='lat' dir='ltr'>summo</span> <span class='ocrx_word' id='word_1_73' title='bbox 471 1430 505 1486; x_wconf 90' lang='lat' dir='ltr'>de</span> <span class='ocrx_word' id='word_1_74' title='bbox 518 1429 618 1486; x_wconf 85' lang='lat' dir='ltr'>vertice</span> <span class='ocrx_word' id='word_1_75' title='bbox 630 1429 752 1506; x_wconf 78' lang='lat' dir='ltr'>diffnpat</span> <span class='ocrx_word' id='word_1_76' title='bbox 764 1431 872 1485; x_wconf 75' lang='lat' dir='ltr'>omneis</span> 
     </span>
    </p>

    <p class='ocr_par' dir='ltr' id='par_1_14' title="bbox 225 1503 898 1588">
     <span class='ocr_line' id='line_1_14' title="bbox 225 1503 898 1588; baseline 0.01 -29"><span class='ocrx_word' id='word_1_77' title='bbox 225 1503 343 1566; x_wconf 86' lang='lat' dir='ltr'>Ardorem</span> <span class='ocrx_word' id='word_1_78' title='bbox 356 1511 387 1567; x_wconf 91' lang='lat' dir='ltr'>in</span> <span class='ocrx_word' id='word_1_79' title='bbox 402 1509 515 1588; x_wconf 78' lang='lat' dir='ltr'>parteis,</span> <span class='ocrx_word' id='word_1_80' title='bbox 530 1524 556 1565; x_wconf 88' lang='lat' dir='ltr'>et</span> <span class='ocrx_word' id='word_1_81' title='bbox 570 1510 677 1567; x_wconf 84' lang='lat' dir='ltr'>lumine</span> <span class='ocrx_word' id='word_1_82' title='bbox 689 1508 807 1566; x_wconf 87' lang='lat' dir='ltr'>conserit</span> <span class='ocrx_word' id='word_1_83' title='bbox 816 1530 898 1566; x_wconf 82' lang='lat' dir='ltr'>arva:</span> 
     </span>
    </p>

    <p class='ocr_par' dir='ltr' id='par_1_15' title="bbox 223 1582 879 1667">
     <span class='ocr_line' id='line_1_15' title="bbox 223 1582 879 1667; baseline 0.009 -26"><span class='ocrx_word' id='word_1_84' title='bbox 223 1582 247 1641; x_wconf 82' lang='lat' dir='ltr'>lu</span> <span class='ocrx_word' id='word_1_85' title='bbox 258 1602 332 1647; x_wconf 82' lang='lat' dir='ltr'>terras</span> <span class='ocrx_word' id='word_1_86' title='bbox 345 1593 433 1667; x_wconf 82' lang='lat' dir='ltr'>igitur</span> <span class='ocrx_word' id='word_1_87' title='bbox 441 1608 553 1666; x_wconf 89' lang='lat' dir='ltr'>quoque</span> <span class='ocrx_word' id='word_1_88' title='bbox 566 1588 631 1647; x_wconf 81' lang='lat' dir='ltr'>folin¹</span> <span class='ocrx_word' id='word_1_89' title='bbox 645 1591 772 1667; x_wconf 80' lang='lat' dir='ltr'>vergitur</span> <span class='ocrx_word' id='word_1_90' title='bbox 783 1589 879 1647; x_wconf 86' lang='lat' dir='ltr'>ardor.</span> 
     </span>
    </p>

    <p class='ocr_par' dir='ltr' id='par_1_16' title="bbox 221 1662 959 1747">
     <span class='ocr_line' id='line_1_16' title="bbox 221 1662 959 1747; baseline 0.009 -26"><span class='ocrx_word' id='word_1_91' title='bbox 221 1662 430 1745; x_wconf 74' lang='lat' dir='ltr'>transversosque</span> <span class='ocrx_word' id='word_1_92' title='bbox 443 1673 539 1727; x_wconf 85' lang='lat' dir='ltr'>volare</span> <span class='ocrx_word' id='word_1_93' title='bbox 552 1691 603 1747; x_wconf 91' lang='lat' dir='ltr'>per</span> <span class='ocrx_word' id='word_1_94' title='bbox 616 1670 717 1727; x_wconf 82' lang='lat' dir='ltr'>imbres</span> <span class='ocrx_word' id='word_1_95' title='bbox 726 1668 846 1746; x_wconf 72' lang='lat' dir='ltr'>fulmina</span> <span class='ocrx_word' id='word_1_96' title='bbox 859 1672 959 1731; x_wconf 77' lang='lat' dir='ltr'>cernit:</span> 
     </span>
    </p>

    <p class='ocr_par' dir='ltr' id='par_1_17' title="bbox 220 1743 913 1827">
     <span class='ocr_line' id='line_1_17' title="bbox 220 1743 913 1827; baseline 0.009 -25"><span class='ocrx_word' id='word_1_97' title='bbox 220 1743 287 1807; x_wconf 86' lang='lat' dir='ltr'>Nunc</span> <span class='ocrx_word' id='word_1_98' title='bbox 296 1750 373 1818; x_wconf 84' lang='lat' dir='ltr'>hinc,</span> <span class='ocrx_word' id='word_1_99' title='bbox 388 1772 464 1808; x_wconf 90' lang='lat' dir='ltr'>nunc</span> <span class='ocrx_word' id='word_1_100' title='bbox 473 1750 552 1808; x_wconf 85' lang='lat' dir='ltr'>illinc</span> <span class='ocrx_word' id='word_1_101' title='bbox 564 1751 677 1827; x_wconf 85' lang='lat' dir='ltr'>abrupti</span> <span class='ocrx_word' id='word_1_102' title='bbox 689 1752 812 1807; x_wconf 80' lang='lat' dir='ltr'>nubibus</span> <span class='ocrx_word' id='word_1_103' title='bbox 825 1752 913 1827; x_wconf 81' lang='lat' dir='ltr'>ignes,</span> 
     </span>
    </p>

    <p class='ocr_par' dir='ltr' id='par_1_18' title="bbox 219 1825 980 1988">
     <span class='ocr_line' id='line_1_18' title="bbox 219 1825 916 1908; baseline 0.006 -23"><span class='ocrx_word' id='word_1_104' title='bbox 219 1825 383 1897; x_wconf 74' lang='lat' dir='ltr'>Concursum,</span> <span class='ocrx_word' id='word_1_105' title='bbox 399 1832 474 1889; x_wconf 80' lang='lat' dir='ltr'>cadit</span> <span class='ocrx_word' id='word_1_106' title='bbox 487 1832 517 1886; x_wconf 88' lang='lat' dir='ltr'>in</span> <span class='ocrx_word' id='word_1_107' title='bbox 530 1846 613 1889; x_wconf 78' lang='lat' dir='ltr'>terras</span> <span class='ocrx_word' id='word_1_108' title='bbox 627 1831 670 1887; x_wconf 81' lang='lat' dir='ltr'>vis</span> <span class='ocrx_word' id='word_1_109' title='bbox 680 1832 806 1889; x_wconf 77' lang='lat' dir='ltr'>flammea</span> <span class='ocrx_word' id='word_1_110' title='bbox 819 1834 916 1908; x_wconf 79' lang='lat' dir='ltr'>volgo.</span> 
     </span>
     <span class='ocr_line' id='line_1_19' title="bbox 248 1908 980 1988; baseline 0.007 -23"><span class='ocrx_word' id='word_1_111' title='bbox 248 1908 319 1969; x_wconf 86' lang='lat' dir='ltr'>Illud</span> <span class='ocrx_word' id='word_1_112' title='bbox 333 1912 363 1969; x_wconf 91' lang='lat' dir='ltr'>in</span> <span class='ocrx_word' id='word_1_113' title='bbox 374 1908 419 1968; x_wconf 78' lang='lat' dir='ltr'>his</span> <span class='ocrx_word' id='word_1_114' title='bbox 431 1930 544 1988; x_wconf 85' lang='lat' dir='ltr'>quoque</span> <span class='ocrx_word' id='word_1_115' title='bbox 554 1926 580 1968; x_wconf 89' lang='lat' dir='ltr'>te</span> <span class='ocrx_word' id='word_1_116' title='bbox 593 1912 675 1969; x_wconf 87' lang='lat' dir='ltr'>rebus</span> <span class='ocrx_word' id='word_1_117' title='bbox 683 1911 842 1988; x_wconf 84' lang='lat' dir='ltr'>cognoscere</span> <span class='ocrx_word' id='word_1_118' title='bbox 851 1932 980 1970; x_wconf 80' lang='lat' dir='ltr'>avemust</span> 
     </span>
    </p>

    <p class='ocr_par' dir='ltr' id='par_1_19' title="bbox 214 1987 969 2069">
     <span class='ocr_line' id='line_1_20' title="bbox 214 1987 969 2069; baseline 0.003 -23"><span class='ocrx_word' id='word_1_119' title='bbox 214 1987 328 2068; x_wconf 74' lang='lat' dir='ltr'>Corpora</span> <span class='ocrx_word' id='word_1_120' title='bbox 340 2013 405 2049; x_wconf 86' lang='lat' dir='ltr'>curu</span> <span class='ocrx_word' id='word_1_121' title='bbox 418 1987 550 2051; x_wconf 85' lang='lat' dir='ltr'>deorsum</span> <span class='ocrx_word' id='word_1_122' title='bbox 563 1991 667 2048; x_wconf 66' lang='lat' dir='ltr'>redium</span> <span class='ocrx_word' id='word_1_123' title='bbox 681 2013 731 2069; x_wconf 89' lang='lat' dir='ltr'>per</span> <span class='ocrx_word' id='word_1_124' title='bbox 744 1993 830 2049; x_wconf 77' lang='lat' dir='ltr'>Inane</span> <span class='ocrx_word' id='word_1_125' title='bbox 840 1993 969 2050; x_wconf 83' lang='lat' dir='ltr'>feruutur</span> 
     </span>
    </p>

    <p class='ocr_par' dir='ltr' id='par_1_20' title="bbox 211 2065 891 2150">
     <span class='ocr_line' id='line_1_21' title="bbox 211 2065 891 2150; baseline 0.006 -26"><span class='ocrx_word' id='word_1_126' title='bbox 211 2065 372 2130; x_wconf 74' lang='lat' dir='ltr'>Ponderibus</span> <span class='ocrx_word' id='word_1_127' title='bbox 383 2071 521 2148; x_wconf 73' lang='lat' dir='ltr'>propriis,</span> <span class='ocrx_word' id='word_1_128' title='bbox 537 2072 642 2129; x_wconf 87' lang='lat' dir='ltr'>incerto</span> <span class='ocrx_word' id='word_1_129' title='bbox 657 2088 782 2150; x_wconf 87' lang='lat' dir='ltr'>tempore</span> <span class='ocrx_word' id='word_1_130' title='bbox 795 2072 891 2140; x_wconf 77' lang='lat' dir='ltr'>ferme,</span> 
     </span>
    </p>

    <p class='ocr_par' dir='ltr' id='par_1_21' title="bbox 209 2147 858 2229">
     <span class='ocr_line' id='line_1_22' title="bbox 209 2147 858 2229; baseline 0.009 -27"><span class='ocrx_word' id='word_1_131' title='bbox 209 2147 364 2229; x_wconf 73' lang='lat' dir='ltr'>incertisque</span> <span class='ocrx_word' id='word_1_132' title='bbox 377 2154 457 2217; x_wconf 77' lang='lat' dir='ltr'>locis,</span> <span class='ocrx_word' id='word_1_133' title='bbox 473 2152 561 2227; x_wconf 78' lang='lat' dir='ltr'>spatio</span> <span class='ocrx_word' id='word_1_134' title='bbox 571 2152 702 2209; x_wconf 88' lang='lat' dir='ltr'>decedere</span> <span class='ocrx_word' id='word_1_135' title='bbox 714 2155 858 2229; x_wconf 74' lang='lat' dir='ltr'>paullum3</span> 
     </span>
    </p>

    <p class='ocr_par' dir='ltr' id='par_1_22' title="bbox 207 2227 955 2389">
     <span class='ocr_line' id='line_1_23' title="bbox 207 2227 893 2310; baseline 0.003 -24"><span class='ocrx_word' id='word_1_136' title='bbox 207 2227 318 2290; x_wconf 83' lang='lat' dir='ltr'>Tantum</span> <span class='ocrx_word' id='word_1_137' title='bbox 330 2231 409 2307; x_wconf 90' lang='lat' dir='ltr'>quod</span> <span class='ocrx_word' id='word_1_138' title='bbox 421 2250 534 2289; x_wconf 86' lang='lat' dir='ltr'>momen</span> <span class='ocrx_word' id='word_1_139' title='bbox 547 2247 686 2291; x_wconf 86' lang='lat' dir='ltr'>mutatum</span> <span class='ocrx_word' id='word_1_140' title='bbox 698 2233 789 2290; x_wconf 89' lang='lat' dir='ltr'>dicere</span> <span class='ocrx_word' id='word_1_141' title='bbox 800 2233 893 2310; x_wconf 86' lang='lat' dir='ltr'>poflis.</span> 
     </span>
     <span class='ocr_line' id='line_1_24' title="bbox 241 2311 955 2389; baseline 0.004 -21"><span class='ocrx_word' id='word_1_142' title='bbox 241 2311 329 2389; x_wconf 73' lang='lat' dir='ltr'>Quod</span> <span class='ocrx_word' id='word_1_143' title='bbox 341 2312 392 2368; x_wconf 85' lang='lat' dir='ltr'>niti</span> <span class='ocrx_word' id='word_1_144' title='bbox 404 2311 543 2369; x_wconf 85' lang='lat' dir='ltr'>declinare</span> <span class='ocrx_word' id='word_1_145' title='bbox 555 2312 687 2379; x_wconf 74' lang='lat' dir='ltr'>solerent3</span> <span class='ocrx_word' id='word_1_146' title='bbox 710 2313 806 2370; x_wconf 84' lang='lat' dir='ltr'>omnia</span> <span class='ocrx_word' id='word_1_147' title='bbox 817 2313 955 2381; x_wconf 85' lang='lat' dir='ltr'>deorsum,</span> 
     </span>
    </p>

    <p class='ocr_par' dir='ltr' id='par_1_23' title="bbox 204 2389 973 2470">
     <span class='ocr_line' id='line_1_25' title="bbox 204 2389 973 2470; baseline 0.005 -24"><span class='ocrx_word' id='word_1_148' title='bbox 204 2389 298 2449; x_wconf 82' lang='lat' dir='ltr'>Imbris</span> <span class='ocrx_word' id='word_1_149' title='bbox 311 2393 354 2450; x_wconf 89' lang='lat' dir='ltr'>uti</span> <span class='ocrx_word' id='word_1_150' title='bbox 368 2407 463 2468; x_wconf 71' lang='lat' dir='ltr'>gutte,</span> <span class='ocrx_word' id='word_1_151' title='bbox 475 2391 603 2450; x_wconf 80' lang='lat' dir='ltr'>caderent</span> <span class='ocrx_word' id='word_1_152' title='bbox 618 2413 668 2468; x_wconf 91' lang='lat' dir='ltr'>per</span> <span class='ocrx_word' id='word_1_153' title='bbox 681 2393 769 2450; x_wconf 82' lang='lat' dir='ltr'>Inane</span> <span class='ocrx_word' id='word_1_154' title='bbox 784 2395 973 2470; x_wconf 81' lang='lat' dir='ltr'>profundum:</span> 
     </span>
    </p>

    <p class='ocr_par' dir='ltr' id='par_1_24' title="bbox 202 2469 833 2550">
     <span class='ocr_line' id='line_1_26' title="bbox 202 2469 833 2550; baseline 0.003 -22"><span class='ocrx_word' id='word_1_155' title='bbox 202 2472 253 2529; x_wconf 88' lang='lat' dir='ltr'>Nec</span> <span class='ocrx_word' id='word_1_156' title='bbox 266 2471 337 2529; x_wconf 83' lang='lat' dir='ltr'>foret</span> <span class='ocrx_word' id='word_1_157' title='bbox 349 2469 469 2528; x_wconf 79' lang='lat' dir='ltr'>offensus</span> <span class='ocrx_word' id='word_1_158' title='bbox 480 2489 572 2539; x_wconf 82' lang='lat' dir='ltr'>natus,</span> <span class='ocrx_word' id='word_1_159' title='bbox 586 2492 637 2529; x_wconf 89' lang='lat' dir='ltr'>nec</span> <span class='ocrx_word' id='word_1_160' title='bbox 650 2475 731 2550; x_wconf 78' lang='lat' dir='ltr'>plaga</span> <span class='ocrx_word' id='word_1_161' title='bbox 745 2492 833 2530; x_wconf 77' lang='lat' dir='ltr'>creata</span> 
     </span>
    </p>

    <p class='ocr_par' dir='ltr' id='par_1_25' title="bbox 201 2552 909 2711">
     <span class='ocr_line' id='line_1_27' title="bbox 201 2552 866 2629; baseline 0.005 -21"><span class='ocrx_word' id='word_1_162' title='bbox 201 2552 366 2629; x_wconf 85' lang='lat' dir='ltr'>Principiis:</span> <span class='ocrx_word' id='word_1_163' title='bbox 391 2554 429 2608; x_wconf 85' lang='lat' dir='ltr'>itu</span> <span class='ocrx_word' id='word_1_164' title='bbox 441 2554 483 2609; x_wconf 90' lang='lat' dir='ltr'>nil</span> <span class='ocrx_word' id='word_1_165' title='bbox 496 2573 622 2627; x_wconf 88' lang='lat' dir='ltr'>unquam</span> <span class='ocrx_word' id='word_1_166' title='bbox 634 2569 733 2610; x_wconf 79' lang='lat' dir='ltr'>natura</span> <span class='ocrx_word' id='word_1_167' title='bbox 746 2553 866 2611; x_wconf 81' lang='lat' dir='ltr'>ereaffet.</span> 
     </span>
     <span class='ocr_line' id='line_1_28' title="bbox 237 2631 909 2711; baseline 0.003 -23"><span class='ocrx_word' id='word_1_168' title='bbox 237 2632 355 2711; x_wconf 71' lang='lat' dir='ltr'>Quodfi</span> <span class='ocrx_word' id='word_1_169' title='bbox 370 2631 440 2689; x_wconf 85' lang='lat' dir='ltr'>forte</span> <span class='ocrx_word' id='word_1_170' title='bbox 453 2634 553 2708; x_wconf 87' lang='lat' dir='ltr'>aliquis</span> <span class='ocrx_word' id='word_1_171' title='bbox 566 2633 653 2689; x_wconf 87' lang='lat' dir='ltr'>credit</span> <span class='ocrx_word' id='word_1_172' title='bbox 667 2634 794 2711; x_wconf 80' lang='lat' dir='ltr'>graviora</span> <span class='ocrx_word' id='word_1_173' title='bbox 807 2634 909 2709; x_wconf 83' lang='lat' dir='ltr'>poteffc</span> 
     </span>
    </p>

    <p class='ocr_par' dir='ltr' id='par_1_26' title="bbox 200 2712 932 2790">
     <span class='ocr_line' id='line_1_29' title="bbox 200 2712 932 2790; baseline 0 -22"><span class='ocrx_word' id='word_1_174' title='bbox 200 2712 334 2790; x_wconf 77' lang='lat' dir='ltr'>Corpora,</span> <span class='ocrx_word' id='word_1_175' title='bbox 349 2732 408 2787; x_wconf 90' lang='lat' dir='ltr'>quo</span> <span class='ocrx_word' id='word_1_176' title='bbox 420 2713 500 2770; x_wconf 82' lang='lat' dir='ltr'>citius</span> <span class='ocrx_word' id='word_1_177' title='bbox 513 2713 617 2771; x_wconf 72' lang='lat' dir='ltr'>redium</span> <span class='ocrx_word' id='word_1_178' title='bbox 628 2720 678 2790; x_wconf 85' lang='lat' dir='ltr'>per</span> <span class='ocrx_word' id='word_1_179' title='bbox 691 2717 779 2771; x_wconf 86' lang='lat' dir='ltr'>Inane</span> <span class='ocrx_word' id='word_1_180' title='bbox 792 2713 932 2780; x_wconf 80' lang='lat' dir='ltr'>feruntur,</span> 
     </span>
    </p>

    <p class='ocr_par' dir='ltr' id='par_1_27' title="bbox 199 2792 896 2870">
     <span class='ocr_line' id='line_1_30' title="bbox 199 2792 896 2870; baseline 0.006 -24"><span class='ocrx_word' id='word_1_181' title='bbox 199 2792 323 2849; x_wconf 79' lang='lat' dir='ltr'>incidere</span> <span class='ocrx_word' id='word_1_182' title='bbox 336 2813 352 2848; x_wconf 88' lang='lat' dir='ltr'>c</span> <span class='ocrx_word' id='word_1_183' title='bbox 365 2793 465 2869; x_wconf 84' lang='lat' dir='ltr'>supero</span> <span class='ocrx_word' id='word_1_184' title='bbox 477 2795 639 2860; x_wconf 77' lang='lat' dir='ltr'>levioribus,</span> <span class='ocrx_word' id='word_1_185' title='bbox 655 2810 736 2870; x_wconf 84' lang='lat' dir='ltr'>atque</span> <span class='ocrx_word' id='word_1_186' title='bbox 750 2795 788 2849; x_wconf 86' lang='lat' dir='ltr'>ita</span> <span class='ocrx_word' id='word_1_187' title='bbox 802 2796 896 2870; x_wconf 83' lang='lat' dir='ltr'>plagas</span> 
     </span>
    </p>

    <p class='ocr_par' dir='ltr' id='par_1_28' title="bbox 201 2872 924 2950">
     <span class='ocr_line' id='line_1_31' title="bbox 201 2872 924 2950; baseline 0.001 -21"><span class='ocrx_word' id='word_1_188' title='bbox 201 2872 333 2948; x_wconf 78' lang='lat' dir='ltr'>Gignern,</span> <span class='ocrx_word' id='word_1_189' title='bbox 348 2893 409 2947; x_wconf 80' lang='lat' dir='ltr'>quae</span> <span class='ocrx_word' id='word_1_190' title='bbox 422 2874 523 2950; x_wconf 86' lang='lat' dir='ltr'>poffint</span> <span class='ocrx_word' id='word_1_191' title='bbox 536 2875 679 2949; x_wconf 83' lang='lat' dir='ltr'>genitalein</span> <span class='ocrx_word' id='word_1_192' title='bbox 692 2875 806 2931; x_wconf 87' lang='lat' dir='ltr'>reddere</span> <span class='ocrx_word' id='word_1_193' title='bbox 818 2891 924 2931; x_wconf 85' lang='lat' dir='ltr'>motus:</span> 
     </span>
    </p>

    <p class='ocr_par' dir='ltr' id='par_1_29' title="bbox 196 2954 733 3030">
     <span class='ocr_line' id='line_1_32' title="bbox 196 2954 733 3030; baseline 0.002 -21"><span class='ocrx_word' id='word_1_194' title='bbox 196 2954 316 3009; x_wconf 78' lang='lat' dir='ltr'>Aviuea</span> <span class='ocrx_word' id='word_1_195' title='bbox 330 2973 395 3011; x_wconf 85' lang='lat' dir='ltr'>vera</span> <span class='ocrx_word' id='word_1_196' title='bbox 408 2954 490 3030; x_wconf 86' lang='lat' dir='ltr'>longe</span> <span class='ocrx_word' id='word_1_197' title='bbox 503 2957 610 3010; x_wconf 85' lang='lat' dir='ltr'>ratione</span> <span class='ocrx_word' id='word_1_198' title='bbox 620 2957 733 3012; x_wconf 88' lang='lat' dir='ltr'>recedit.</span> 
     </span>
    </p>

    <p class='ocr_par' dir='ltr' id='par_1_30' title="bbox 196 3033 979 3110">
     <span class='ocr_line' id='line_1_33' title="bbox 196 3033 979 3110; baseline 0.006 -22"><span class='ocrx_word' id='word_1_199' title='bbox 196 3033 266 3089; x_wconf 82' lang='lat' dir='ltr'>Nam</span> <span class='ocrx_word' id='word_1_200' title='bbox 282 3052 333 3110; x_wconf 88' lang='lat' dir='ltr'>per</span> <span class='ocrx_word' id='word_1_201' title='bbox 347 3052 617 3109; x_wconf 75' lang='lat' dir='ltr'>aquaequaecunquc</span> <span class='ocrx_word' id='word_1_202' title='bbox 630 3037 743 3104; x_wconf 86' lang='lat' dir='ltr'>cadunt,</span> <span class='ocrx_word' id='word_1_203' title='bbox 758 3051 840 3110; x_wconf 81' lang='lat' dir='ltr'>atque</span> <span class='ocrx_word' id='word_1_204' title='bbox 857 3054 920 3092; x_wconf 86' lang='lat' dir='ltr'>aera</span> <span class='ocrx_word' id='word_1_205' title='bbox 931 3036 979 3093; x_wconf 90' lang='lat' dir='ltr'>de·</span> 
     </span>
    </p>

    <p class='ocr_par' dir='ltr' id='par_1_31' title="bbox 325 3112 690 3190">
     <span class='ocr_line' id='line_1_34' title="bbox 325 3112 690 3190; baseline -0.008 -19"><span class='ocrx_word' id='word_1_206' title='bbox 325 3112 429 3179; x_wconf 84' lang='lat' dir='ltr'>orsum,</span> <span class='ocrx_word' id='word_1_207' title='bbox 688 3186 690 3190; x_wconf 28' lang='grc' dir='ltr'>Ι</span> 
     </span>
    </p>

    <p class='ocr_par' dir='ltr' id='par_1_32' title="bbox 195 3192 884 3271">
     <span class='ocr_line' id='line_1_35' title="bbox 195 3192 884 3271; baseline 0.003 -21"><span class='ocrx_word' id='word_1_208' title='bbox 195 3193 259 3271; x_wconf 70' lang='lat' dir='ltr'>Hac</span> <span class='ocrx_word' id='word_1_209' title='bbox 270 3213 325 3270; x_wconf 91' lang='lat' dir='ltr'>pro</span> <span class='ocrx_word' id='word_1_210' title='bbox 336 3193 510 3270; x_wconf 82' lang='lat' dir='ltr'>ponderibus</span> <span class='ocrx_word' id='word_1_211' title='bbox 521 3193 594 3251; x_wconf 85' lang='lat' dir='ltr'>casus</span> <span class='ocrx_word' id='word_1_212' title='bbox 607 3198 722 3254; x_wconf 85' lang='lat' dir='ltr'>celerare</span> <span class='ocrx_word' id='word_1_213' title='bbox 736 3192 884 3252; x_wconf 76' lang='lat' dir='ltr'>necesse&#39;st:</span> 
     </span>
    </p>

    <p class='ocr_par' dir='ltr' id='par_1_33' title="bbox 196 3274 921 3350">
     <span class='ocr_line' id='line_1_36' title="bbox 196 3274 921 3350; baseline 0.006 -20"><span class='ocrx_word' id='word_1_214' title='bbox 196 3274 353 3350; x_wconf 77' lang='lat' dir='ltr'>Propterea,</span> <span class='ocrx_word' id='word_1_215' title='bbox 368 3274 434 3347; x_wconf 89' lang='lat' dir='ltr'>quia</span> <span class='ocrx_word' id='word_1_216' title='bbox 446 3294 548 3350; x_wconf 85' lang='lat' dir='ltr'>corpus</span> <span class='ocrx_word' id='word_1_217' title='bbox 561 3295 650 3350; x_wconf 76' lang='lat' dir='ltr'>aque,</span> <span class='ocrx_word' id='word_1_218' title='bbox 665 3293 817 3350; x_wconf 81' lang='lat' dir='ltr'>naturaque</span> <span class='ocrx_word' id='word_1_219' title='bbox 831 3278 921 3334; x_wconf 82' lang='lat' dir='ltr'>tenuis</span> 
     </span>
    </p>

    <p class='ocr_par' dir='ltr' id='par_1_34' title="bbox 196 3351 934 3432">
     <span class='ocr_line' id='line_1_37' title="bbox 196 3351 934 3432; baseline 0.004 -23"><span class='ocrx_word' id='word_1_220' title='bbox 196 3351 363 3432; x_wconf 18' lang='lat' dir='ltr'>Aerinnhaud</span> <span class='ocrx_word' id='word_1_221' title='bbox 375 3353 488 3431; x_wconf 79' lang='lat' dir='ltr'>poffun&#39;t</span> <span class='ocrx_word' id='word_1_222' title='bbox 502 3375 579 3432; x_wconf 82' lang='lat' dir='ltr'>aeque</span> <span class='ocrx_word' id='word_1_223' title='bbox 592 3377 651 3412; x_wconf 86' lang='lat' dir='ltr'>rem</span> <span class='ocrx_word' id='word_1_224' title='bbox 663 3375 803 3432; x_wconf 84' lang='lat' dir='ltr'>quamque</span> <span class='ocrx_word' id='word_1_225' title='bbox 814 3359 934 3414; x_wconf 72' lang='lat' dir='ltr'>mutarit</span> 
     </span>
    </p>
   </div>
   <div class='ocr_carea' id='block_1_3' title="bbox 500 3434 988 3511">
    <p class='ocr_par' dir='ltr' id='par_1_35' title="bbox 500 3434 988 3511">
     <span class='ocr_line' id='line_1_38' title="bbox 500 3434 988 3511; baseline 0.002 -18"><span class='ocrx_word' id='word_1_226' title='bbox 500 3502 502 3511; x_wconf 29' lang='grc' dir='ltr'>Ι</span> <span class='ocrx_word' id='word_1_227' title='bbox 614 3435 674 3502; x_wconf 67' lang='lat' dir='ltr'>ur</span> <span class='ocrx_word' id='word_1_228' title='bbox 927 3434 988 3494; x_wconf 63' lang='lat' dir='ltr'>tet</span> 
     </span>
    </p>
   </div>
   <div class='ocr_carea' id='block_1_4' title="bbox 0 0 1184 3875">
    <p class='ocr_par' dir='ltr' id='par_1_36' title="bbox 0 0 1184 3875">
     <span class='ocr_line' id='line_1_39' title="bbox 0 0 1184 3875; baseline 0 13"><span class='ocrx_word' id='word_1_229' title='bbox 0 0 1184 3875; x_wconf 95' lang='lat' dir='ltr'> </span> 
     </span>
    </p>
   </div>
  </div>
 </body>
</html>
