2359 3875
245 415 288 464 ro
441 390 911 467 [sucessit

242 526 371 603 Denique
381 526 537 604 Huslifrago
551 529 597 586 sus
594 531 680 605 pense
694 531 723 587 in
737 531 830 588 littore
842 530 926 586 uelles

243 608 396 675 virescunt,
408 609 509 666 eaedcm
520 611 652 687 dispansae
666 614 696 667 in
711 612 765 668 sole
775 612 930 675 sercscuntt

241 688 284 745 At
298 710 387 765 neque
396 709 454 764 qno
467 690 546 766 pasto
556 690 707 767 persederit
721 691 825 749 humor
833 691 916 765 aquai

242 767 315 826 Visu
327 766 369 838 ll,
384 791 433 825 nec
445 771 552 828 rursum
563 791 620 847 quo
633 774 713 848 padio
722 771 825 849 sugerit
840 769 921 838 aellut

243 849 280 905 In
292 869 393 926 parvas
403 852 492 927 igitur
501 856 603 927 parteis
611 852 782 930 dispergitur
794 852 911 920 humor,

241 929 323 1005 Qias
338 931 414 987 oculi
428 933 506 989 nulla
518 932 632 1009 possunt
643 933 866 991 rationevidere.
952 963 956 967 ·

286 1011 369 1087 Quin
383 1013 467 1068 ctiam
478 1014 574 1069 multis
584 1014 656 1070 Solis
668 1014 848 1070 redeuntibus
857 1012 936 1069 annis

239 1087 503 1168 Annulusindigito
516 1094 738 1151 subterrennatur
752 1093 895 1151 habendos

241 1168 379 1229 Stillicidl
394 1172 488 1230 causus
498 1174 620 1250 lapidem
632 1189 725 1232 cavat:
739 1194 827 1230 uncus
840 1174 924 1231 aratri

239 1252 355 1309 Ferreus
367 1255 476 1312 occulte
496 1254 627 1311 decrescit
635 1276 733 1313 vomer
745 1255 775 1310 in
789 1253 879 1311 arvis:

241 1333 384 1410 Strataque
392 1336 451 1410 jam
465 1336 542 1411 volgi
558 1335 678 1411 pedibus
691 1335 793 1392 detrita
805 1336 917 1391 viarum

240 1415 326 1471 Saxea
336 1415 536 1490 conspicimus:
554 1430 613 1471 turn
627 1430 721 1491 portas
735 1429 853 1491 propter
864 1412 952 1473 ahena

239 1493 326 1570 Signa
339 1515 439 1551 mariue
450 1495 561 1551 dextras
572 1494 719 1552 ostendunt
731 1496 867 1552 attenuari

239 1573 317 1649 Saepe
330 1572 499 1631 salutantum
512 1574 596 1641 tastu,
611 1590 764 1650 preterque
777 1590 932 1632 meantum.

238 1654 410 1731 Hacigitur
421 1653 524 1720 minui,
540 1674 606 1711 cum
620 1655 671 1711 sut
683 1655 795 1722 detrita,
810 1655 952 1720 videmuss

237 1733 290 1791 Sed
301 1754 361 1808 quae
375 1734 640 1809 corpora'decedant
653 1736 683 1792 in
698 1751 824 1811 tempore
837 1756 959 1812 qnoque,

237 1810 344 1871 Iurida
356 1814 492 1891 praeclust
504 1814 620 1891 speciem
632 1832 732 1872 natura
744 1816 872 1873 videndi.

282 1894 436 1961 Postremo,
451 1915 623 1972 quaecunque
635 1897 705 1965 dies,
720 1912 873 1974 naturaque
885 1898 968 1955 rebus

236 1974 389 2033 Paullatim
401 1977 511 2043 tribuit,
525 1979 692 2035 moderatim
705 1979 822 2034 erescere
834 1998 945 2055 cogens,

235 2055 324 2114 Nulla
337 2056 424 2134 potest
436 2060 585 2117 oculatum
597 2059 667 2117 acies
680 2074 808 2117 contenta
821 2059 911 2124 tueri;

235 2136 295 2194 Nec
310 2158 396 2215 porro
411 2159 584 2215 quaecunque
598 2162 667 2208 arvo,
683 2141 823 2216 macieque
835 2140 992 2202 senescunt:

234 2216 296 2275 Nec
308 2238 382 2275 mare
394 2240 456 2295 que
467 2221 630 2296 impendent
643 2221 719 2278 vesco
732 2221 784 2276 sale
797 2220 860 2277 saxa
871 2223 975 2295 peresa,
1051 2263 1054 2269 -

235 2298 319 2374 Quid
331 2319 443 2374 quoque
456 2301 585 2358 amittant
600 2304 631 2358 in
645 2317 783 2378 tempore,
799 2318 911 2356 cernere
923 2300 1016 2379 possis.

234 2377 413 2454 Corporibus
426 2381 501 2437 caecir
515 2382 604 2457 igitur
615 2396 715 2438 natura
728 2380 799 2457 gerit
812 2399 863 2436 res.

278 2459 339 2515 Nec
353 2475 445 2517 tamen
456 2460 582 2536 undique
594 2481 726 2537 corporea
736 2461 835 2538 stipata
847 2476 976 2521 tenentur

211 2536 343 2598 ·0mnia
355 2556 471 2608 natum
493 2561 613 2614 namque
627 2543 702 2599 elliu
715 2544 797 2599 rebus
813 2563 935 2602 intur.

234 2619 325 2696 Quod
339 2619 391 2675 tibi
405 2617 532 2697 cognosse
545 2619 575 2674 iu
588 2621 684 2677 multis
697 2619 749 2676 erit
762 2623 831 2678 utile
844 2624 940 2679 rebus:
955 2665 959 2671 -

233 2699 296 2756 Nec
310 2699 376 2756 finet
388 2715 526 2756 errantem
540 2700 681 2767 dubitare,
696 2717 723 2757 et
735 2721 855 2777 quaerere
868 2701 972 2780 semper
1028 2748 1030 2753 .
1081 2698 1083 2703 ’

231 2778 276 2835 De
289 2779 395 2836 [nnuma
408 2800 512 2845 rerum,
528 2795 555 2834 et
563 2779 661 2836 noslris
673 2780 800 2837 diffidere
812 2782 908 2840 dietis.

231 2859 419 2936 Quapropter
432 2861 509 2915 locus
520 2858 557 2914 est
570 2859 689 2916 intastus
706 2881 789 2918 insu
798 2883 827 2928 r,
841 2863 1006 2941 vacansque.

277 2939 399 3015 Quod-st
410 2958 468 2995 uon
480 2939 554 3006 esset,
570 2940 648 2996 nulla
660 2941 767 2997 ratione
780 2944 890 2999 moveri

231 3019 289 3078 Res
298 3018 422 3094 pollente
434 3040 565 3095 namque,
576 3019 712 3089 officium,
721 3023 798 3097 quod
808 3023 1024 3099 corporiserne

232 3096 364 3165 officere,
380 3114 463 3173 arque
476 3100 593 3167 obstare,
608 3101 639 3158 id
651 3102 683 3158 iu
695 3102 774 3158 omni
789 3117 912 3179 tempore
925 3104 1025 3162 adesset

231 3176 391 3235 Omnibus:
414 3178 488 3236 haud
502 3182 592 3258 igitur
601 3182 755 3257 quidquam
765 3185 913 3258 procedere
927 3184 1025 3262 posset.

233 3257 418 3336 Principium
429 3263 564 3335 quoniam
579 3262 694 3318 cedendi
709 3265 787 3318 nulla
800 3263 879 3322 daret
894 3285 945 3322 res.

230 3337 274 3396 Ar
285 3358 362 3399 nuuc
378 3360 427 3419 per
440 3342 539 3412 maria,
553 3362 584 3401 ac
600 3358 695 3413 terras,
710 3342 883 3424 sublimaque
896 3347 970 3416 coeli,

972 3427 1071 3486 Multa
