2359 3875
309 443 516 514 LIBER
551 444 814 520 SEXTUS.
917 467 981 538 203

198 571 244 630 Sic
253 572 343 649 igitur
356 593 406 649 per
418 593 482 629 enm
496 570 609 648 possunt
618 593 763 649 erumpere
777 572 894 637 sontem,

195 653 235 707 Et
244 652 344 709 scatere
356 654 404 709 illa
417 652 488 710 foras
501 655 532 709 in
547 652 656 728 stupam
672 652 790 709 semina:
805 671 863 727 quo
876 671 941 707 cum

196 732 394 800 Conveniunt,
409 748 458 789 aut
470 754 534 789 cnm
550 733 621 789 tedai
636 735 750 809 corpori
761 732 909 798 adherent,

194 812 354 869 Ardescunt
368 812 448 869 sacile
458 814 614 889 extempl03
629 814 695 888 quia
706 816 909 889 multaquoque
918 811 949 867 in
960 810 984 867 se

195 893 306 949 Semina
319 893 422 950 habent
436 893 509 969 ignis
523 893 608 968 stupae
620 895 739 969 tedaeque
753 910 886 950 tenentes.

243 974 348 1029 Nonne
357 975 435 1030 vides
445 974 540 1039 etiam,
549 972 684 1030 noslurna
691 974 725 1030 ad
736 975 841 1030 lumina
848 971 986 1051 lychnum

195 1055 297 1129 Nuper
310 1054 360 1109 ubi
374 1053 527 1109 extinslum
542 1055 700 1119 admoveas,
715 1054 858 1111 accendier
867 1068 930 1110 ante

197 1134 294 1209 Quam
308 1134 400 1209 tetigit
414 1134 578 1191 flammam?
594 1135 737 1208 tedamque
752 1137 814 1210 pari
828 1132 954 1190 ratione?

164 1267 168 1276 .
196 1214 347 1289 Multaque
361 1230 502 1289 praeterea,
520 1216 598 1290 prius
612 1216 671 1290 ipso
687 1213 754 1270 tasla
767 1234 871 1289 vapore

196 1294 316 1350 Eminus
324 1294 483 1358 ardescunt,
499 1314 582 1367 quam
596 1296 724 1351 cominus
739 1295 845 1349 imbuat
855 1292 940 1368 ignis.

196 1373 260 1430 Hoc
275 1375 364 1450 igitur
378 1374 435 1431 fieri
450 1394 561 1448 quoque
572 1376 603 1430 in
613 1376 663 1431 illo
677 1374 754 1430 sonte
765 1368 970 1450 putandum'st.

242 1455 330 1530 Quod
345 1452 476 1530 superest,
491 1474 569 1530 agere
583 1456 720 1531 incipiam
733 1474 789 1529 qno
800 1452 900 1509 foedere
915 1452 962 1509 frat

196 1534 409 1610 Naturae„lapis
423 1534 468 1590 hic
483 1551 515 1589 ut
529 1533 633 1592 serrum
647 1536 749 1591 ducere
764 1534 855 1610 poffit,

198 1616 294 1690 Quem
309 1617 440 1690 Magneta
452 1632 552 1670 vorant
567 1618 660 1691 patrio
671 1616 704 1670 de
717 1616 832 1672 nomine
846 1614 939 1678 Graii,

197 1696 363 1771 Magnetum
377 1695 442 1772 quia
457 1695 486 1749 srt
498 1698 598 1770 patriis
610 1698 640 1753 in
655 1697 756 1753 finibus
769 1712 858 1752 ortus.

242 1778 328 1832 Hunc
336 1775 463 1831 homines
471 1777 590 1850 lapidem
599 1778 988 1853 mirantur‚quippecatenam

199 1856 272 1933 Saepe
283 1879 317 1913 cx
331 1858 451 1912 annellis
466 1857 558 1913 reddit
571 1857 757 1931 pendentibus
767 1878 800 1912 ex
813 1859 825 1912 s
841 1899 847 1912 .

199 1940 336 2014 Ovuinque
350 1938 450 1992 etenim
465 1939 527 1994 licet
540 1939 699 2003 interdum,
714 1939 872 2013 pluteisque
886 1936 982 1995 vidcre

200 2019 312 2076 Ordine
325 2016 452 2074 demissos
465 2020 573 2074 levibus
580 2018 707 2094 jaslarier
720 2019 805 2083 auris,

198 2099 280 2156 Unns
291 2100 338 2155 ubi
349 2119 382 2154 ex
395 2119 450 2155 uno
464 2098 603 2174 dependet
616 2097 707 2154 subter
720 2096 875 2162 adbaerens3

199 2182 243 2234 Ex
252 2183 363 2254 alioque
376 2180 448 2236 alius
462 2180 564 2255 lapidis
578 2179 646 2245 vim,
663 2179 812 2252 vinclaque
825 2177 929 2234 noscit:

200 2260 363 2334 Usqnearleo
379 2277 573 2335 permananter
586 2261 628 2315 vis
641 2261 762 2335 pervalet
776 2262 846 2337 ejus.

241 2343 306 2398 Hoc
321 2361 406 2417 genus
420 2341 450 2395 in
466 2342 546 2397 rebus
567 2336 772 2398 firmandumst
785 2341 873 2397 multa
894 2339 983 2416 prius,

283 2442 369 2496 quarn

200 2501 290 2578 Ipsius
304 2504 346 2558 rei
359 2502 496 2558 rationem
511 2500 625 2558 reddere
639 2501 739 2578 possis,

197 2583 232 2637 Et
244 2583 369 2638 nimium
384 2582 473 2658 longis
487 2584 649 2658 ambagibus
662 2583 698 2638 est
712 2582 887 2638 adeundum:

199 2664 268 2739 Quo
283 2665 369 2738 magis
383 2679 497 2719 attentas
511 2664 611 2725 aureis,
626 2664 808 2737 animumque
822 2663 948 2737 reposco,

243 2742 983 2818 Principi0‚omnibusarcbus‚quascunquevidemur‚

200 2825 340 2899 Perpetuo
356 2825 451 2891 flucre,
467 2844 497 2878 ac
511 2824 597 2889 mitti,
610 2824 756 2901 spargique
768 2820 903 2880 necesse'll

199 2907 339 2980 Corpora,
355 2925 415 2979 quae
429 2904 529 2960 feriant
543 2905 651 2971 oculos,
666 2906 813 2980 visumque
827 2903 969 2962 lacessant:

199 2986 395 3060 Perpetuoque
406 2987 499 3042 llnunt
512 2985 593 3041 certis
604 2987 637 3040 ab
652 2988 733 3044 rebus
747 2986 855 3051 odores,

198 3066 299 3140 Frigus
308 3081 365 3121 uta
379 3066 490 3132 fluviism
501 3067 576 3122 calor
588 3088 604 3122 a
618 3065 683 3132 sote,
699 3067 775 3123 allus
789 3069 823 3122 ab
837 3066 925 3124 undis

200 3146 331 3220 AEquoris
342 3147 437 3202 exesor
445 3166 599 3203 moerorum
613 3149 707 3205 littora
718 3163 849 3224 propter:

200 3227 260 3281 Nec
273 3226 345 3283 varii
360 3225 460 3283 cessant
474 3226 578 3284 sonitus
593 3248 704 3284 manare
718 3247 767 3304 per
777 3247 868 3284 aures.

201 3306 329 3380 Denique
344 3307 375 3363 in
387 3327 418 3363 os
433 3307 487 3363 salsi
501 3310 580 3367 venit
593 3308 696 3366 humor
709 3309 778 3384 saepe
792 3306 907 3385 saporis.

204 3387 281 3444 Cum
296 3406 371 3443 marc
384 3386 524 3445 versamur
536 3404 668 3465 proptcr;
685 3384 829 3463 dilutaque
842 3402 948 3521 contrg¹

592 3470 640 3532 Sa
945 3484 1004 3520 un.
