2359 3875
210 452 255 518 50
379 424 421 497 T.
458 382 834 502 Lth'RET-tt

209 563 297 643 Quod
312 582 456 640 genetrex
471 583 527 620 uno
540 564 663 622 consistat
676 566 900 642 principiorum:

207 644 268 701 Nec
282 646 442 718 quicquam,
455 645 531 719 quod
544 665 602 701 non
617 646 746 721 permisto
760 647 859 701 semine
872 647 988 705 conflet.

209 727 245 781 Et
259 744 340 799 quam
354 726 473 800 quicque
486 726 574 801 magis
586 727 684 781 multas
697 727 739 781 vis
748 726 862 802 poffidet
875 729 904 782 in
918 728 956 794 ie,

206 807 303 879 Atque
317 804 473 881 potestaten
498 806 537 861 ita
548 806 640 881 pluria
655 806 863 882 principiorum

208 885 307 942 In'sese
318 904 424 959 genera,
434 906 465 941 ac
478 886 568 942 varias
580 886 659 942 docet
672 885 722 941 eise
735 886 846 962 figuras.

207 1008 210 1012 ›
252 965 411 1040 Principi0‚
428 966 507 1021 tellus
521 964 642 1021 habetin
655 967 678 1021 se
688 985 805 1040 corpora
819 968 924 1041 prima.
969 968 973 971 ⁴

209 1044 294 1104 Unde
308 1065 383 1101 mare
395 1046 561 1101 immensum
573 1047 714 1102 volventes
728 1046 845 1102 {lumina
859 1046 948 1115 ¹foutet

207 1126 324 1184 Affidue
338 1136 488 1181 renovent:
504 1124 597 1191 habet,
613 1128 690 1201 ignes
703 1125 777 1182 unde
791 1127 933 1183 oriantur:

207 1208 282 1263 Nam
296 1206 392 1261 multis
405 1205 526 1263 succensa
540 1207 606 1269 locis
615 1206 713 1262 ardent
723 1206 776 1262 sola
787 1221 881 1271 terrae3

208 1286 358 1343 Eximiis
343 1305 407 1343 vero
420 1286 503 1343 furit
498 1286 639 1362 ignibus
631 1300 753 1361 impetur
766 1287 863 1341 AEtuae.

183 1392 184 1396 ¹
206 1368 282 1424 Tum
295 1386 381 1443 porro
393 1367 494 1423 nitidas
507 1367 610 1444 fruges,
626 1367 786 1440 arbustaque
796 1367 856 1422 laeto

207 1448 346 1504 Gentibus
358 1445 487 1502 humanis
504 1446 585 1503 habet
598 1446 673 1502 unde
685 1448 814 1502 extoliere
828 1442 928 1522 poffit:

207 1528 388 1584 Uudeetiam
403 1527 503 1604 fluidas
517 1528 651 1589 frondeis,
666 1542 692 1582 et
706 1528 808 1602 pabula
823 1529 882 1581 iaeta

204 1607 371 1683 Montivago
386 1610 479 1682 generi
495 1610 576 1684 poffit
588 1609 708 1683 praebere
726 1606 857 1661 ferarum.

250 1690 346 1763 Quare
359 1689 458 1763 magna
467 1688 559 1744 Deum
571 1704 668 1752 mater,
682 1703 824 1761 materque
837 1687 966 1754 ferarum,

206 1770 243 1823 Et
256 1767 339 1823 noiiri
355 1769 476 1844 genitrix
489 1767 546 1824 haec
557 1764 662 1824 dieta'st
675 1768 800 1843 corporis
815 1788 881 1824 una.

204 1849 287 1905 Hanc
299 1864 402 1903 veteres
416 1850 536 1905 Graium
550 1848 624 1904 dotti
636 1850 758 1904 cecinere
767 1863 851 1922 poctae

205 1930 376 1987 Sublimem
368 1951 398 1986 rn
407 1950 494 1986 curru
505 1930 618 2007 bijugos
635 1929 737 2005 agitare
747 1929 850 1984 leones.

203 2010 303 2066 Aeris
295 2031 325 2065 tn
340 2010 427 2086 spatio
440 2031 569 2088 magnam
584 2010 704 2086 pendere
716 2010 845 2065 docentes

202 2090 361 2156 Tellurem3
375 2111 464 2166 neque
477 2092 590 2169 poffein
605 2105 675 2146 terra
689 2091 773 2145 [istere
785 2106 898 2145 terram.

202 2171 371 2246 Adjunxere
382 2171 468 2237 feras;
482 2172 559 2246 quia,
574 2171 703 2244 quamvis
715 2169 807 2235 effera,
824 2172 917 2244 proies

205 2250 316 2306 Officiis
328 2250 408 2305 debet
420 2254 526 2307 molliri
540 2251 611 2306 viiia
624 2267 782 2325 parentum.

200 2330 364 2403 Muralique
376 2345 459 2404 caput
470 2331 613 2390 summum
627 2333 738 2386 cinxere
748 2351 867 2398 coroner,

201 2411 324 2465 Eximtis
334 2411 442 2465 munita
456 2412 523 2466 locis
536 2413 613 2485 quod
626 2409 737 2466 sustinet
750 2413 853 2467 urbeis.

201 2492 271 2566 Quo
285 2509 360 2544 nunc
374 2489 472 2565 infigui
483 2510 534 2567 per
545 2511 657 2568 magnas
669 2491 783 2566 praedtta
797 2505 881 2548 terras

131 2616 135 2624 .
200 2571 341 2626 Horrifice
354 2569 442 2626 fertur
451 2570 554 2627 diviuae
565 2571 663 2645 Matris
676 2572 783 2647 imago.
850 2602 853 2609 ·

174 2702 177 2707 .
199 2651 283 2707 Hauc
296 2652 378 2706 variae
392 2666 494 2726 gentesr
509 2652 624 2727 antiquo
639 2672 717 2707 more
730 2653 880 2717 sacrorum,

200 2731 305 2786 Idaeam
319 2731 442 2786 vocitant
455 2746 581 2798 matrem,
595 2730 785 2809 Phrygiasque
794 2749 914 2790 catervas

199 2811 275 2865 Dant
288 2811 418 2874 comites3
436 2813 500 2885 quia
512 2815 640 2886 primum
655 2833 688 2866 ex
700 2814 757 2867 illis
770 2813 873 2870 finibus
886 2814 972 2871 edunt

198 2891 253 2945 Pet
263 2905 399 2945 terrarum
412 2892 508 2946 orbern
519 2891 611 2968 fruges
622 2892 751 2967 coepiise
743 2894 841 2950 creari.

198 2970 295 3026 Gallos
309 2968 481 3025 attribuunt·
473 2972 571 3046 3quia‚
587 2993 691 3028 numen
704 2993 754 3048 qur
746 2973 901 3032 violarint

200 3049 310 3115 Matris,
326 3063 352 3103 et
364 3047 465 3126 ingrati
479 3053 669 3126 genitoribus
661 3053 769 3109 intenti
783 3054 844 3120 stuc,

200 3130 363 3204 Significare
377 3132 475 3187 volunt
489 3132 622 3224 indignos
636 3134 686 3189 effe
699 3133 850 3209 putandos,
911 3145 918 3158 '

136 3230 145 3286 J
200 3210 305 3265 Vivam
320 3213 482 3285 progeniem
491 3212 540 3286 qui
553 3213 583 3269 in
597 3232 658 3268 oras
672 3215 787 3269 luminis
797 3216 894 3273 edant.

197 3292 348 3368 Tympana
363 3304 435 3347 tenta
448 3307 543 3348 tonant
557 3293 669 3368 palmis,
685 3309 711 3348 et
724 3298 885 3371 cymbala
862 3318 968 3355 circum

198 3372 345 3437 Concava3
365 3366 943 3448 raucisonoquerninanturcoruuacantur

945 3460 981 3516 Et
