2359 3875
258 457 461 528 LIBER
502 455 769 531 sexsus,
882 459 947 550 189

170 589 231 645 Cur
243 588 353 645 dubitat
366 587 462 657 facere,
478 608 510 649 ut
522 591 655 668 pollimus
669 608 778 646 cernere
791 584 928 649 millum?

169 670 196 725 si
211 669 434 745 uec-opinanteis
447 689 537 730 autem
550 674 608 728 vult
620 671 780 746 opprimere
791 667 863 748 igni,

170 750 229 805 Cur
242 764 321 806 tonat
331 769 365 805 ex
379 750 427 806 illa
439 771 528 827 parte,
544 768 576 809 ut
588 754 676 809 vitare
688 746 844 825 queamus?

169 831 228 887 Cur
241 830 365 885 tenebras
375 844 448 899 ante,
463 849 490 889 et
498 834 633 899 fremitus,
645 846 671 885 et
682 848 826 886 murmura
835 826 945 886 concit?

168 911 204 965 Et
218 910 297 965 simul
308 908 343 965 in'
353 912 454 968 multas
469 916 571 990 parteis
584 916 634 987 qui
648 911 757 966 credere
770 907 850 986 pollis

167 988 301 1046 Mittere?
315 1009 350 1045 an
364 989 415 1047 hoc
425 994 493 1050 aulis
502 1013 648 1069 nunquam
658 989 823 1046 contendere
833 986 945 1054 sadum,

170 1071 211 1127 Ut
224 1070 321 1126 fierent
333 1068 402 1125 illua
415 1093 474 1130 uno
488 1075 536 1130 sub
550 1088 674 1149 tempore
687 1066 803 1146 plures?

167 1150 210 1205 At
223 1144 325 1226 saepe’st
338 1170 457 1208 numero
470 1153 583 1215 saelum,
599 1153 713 1227 fierique
726 1144 871 1214 necesse'sl,

168 1230 211 1288 Ut
223 1231 318 1306 pluere
331 1229 362 1284 iu
375 1234 470 1290 multis
484 1234 655 1311 regionibus,
671 1245 697 1288 et
707 1230 802 1286 cadere
815 1228 940 1294 imbreir,

168 1309 297 1366 Fulniiua
311 1309 345 1364 stc
354 1330 413 1367 uno
427 1311 486 1369 lieri
500 1315 548 1371 sub
563 1329 687 1388 tempore
700 1311 797 1365 multa.

214 1388 366 1455 Postremo,
381 1410 432 1447 cur
446 1394 535 1464 sanda
548 1395 639 1448 Deum
653 1392 779 1454 delubra,
793 1386 906 1466 suasque

170 1469 289 1526 Discutit
303 1469 399 1527 infello
414 1476 556 1548 praeclaras
570 1472 689 1529 fulmine
699 1470 782 1534 sedes,

169 1552 205 1605 Et
220 1550 289 1606 bene
310 1548 378 1606 facta
391 1552 482 1609 Deum
497 1553 600 1630 frangit
613 1549 778 1608 fimulacra?
798 1549 906 1626 suisque

168 1631 263 1686 Demit
275 1629 445 1705 imaginibus
458 1636 583 1690 violento
597 1636 708 1690 volnere
721 1629 880 1688 honorem?

168 1711 292 1785 Altaque
314 1730 364 1766 cur
386 1716 549 1790 plerumque
573 1715 643 1790 petit
663 1711 743 1769 loca?
770 1713 949 1790 plurimaque

292 1788 376 1866 hujus
947 1810 950 1814 ·

167 1870 314 1928 Montibus
327 1869 357 1928 iu
372 1875 485 1932 srmmis
499 1876 611 1954 vestigia
625 1876 765 1933 cernimus
777 1874 873 1952 ignis?

212 1950 301 2029 Quod
314 1953 444 2031 superesi,
460 1953 572 2015 sacile'st
585 1978 620 2015 ex
629 1956 673 2013 his
683 1956 844 2032 cognoscere
854 1957 946 2023 rebus,

168 2033 300 2110 Πςηῑῆξις
314 2035 394 2092 Graii
407 2058 477 2111 quos
491 2040 525 2093 ab
539 2059 568 2094 re
581 2038 798 2102 nominitarunt,

170 2108 208 2170 ln'
217 2133 293 2170 mare
306 2134 360 2187 qua
373 2117 443 2173 missi
459 2119 570 2174 veniant
581 2119 687 2174 ratione
701 2116 832 2191 superne.

168 2196 240 2250 Nam
252 2194 293 2258 fit,
306 2211 338 2251 ut
350 2197 491 2253 interdum
505 2213 637 2273 tanquam
649 2195 762 2253 demissa
775 2197 905 2252 columna

171 2277 206 2329 In
221 2296 296 2331 mare
310 2276 345 2332 de
357 2278 425 2333 coelo
437 2278 591 2345 descendat,
608 2298 692 2355 quam
705 2276 773 2334 freta
787 2277 894 2334 circum

169 2355 330 2412 Ferviscunt
347 2358 469 2433 graviter
482 2358 651 2434 spirantibus
664 2359 750 2414 incita
765 2358 857 2415 flabris
870 2378 877 2413 ε

170 2437 204 2492 Et
217 2454 387 2515 quaecunque
401 2438 429 2493 in
444 2458 476 2495 eo
491 2454 549 2494 tum
564 2439 625 2494 sunt
636 2438 768 2514 deprensa
782 2441 905 2495 tumultu

168 2517 300 2594 Navigia,
315 2518 346 2574 in
359 2519 500 2576 summum
513 2520 631 2575 veniunt
643 2535 739 2576 vexata
753 2518 901 2592 periclum.

168 2597 230 2653 Hoc
245 2597 286 2661 fit,
301 2598 350 2653 ubi
365 2599 506 2655 interdum
519 2619 577 2656 non
590 2600 653 2673 quit
665 2599 708 2654 vis
720 2599 803 2653 incita
817 2599 895 2655 venti

168 2679 323 2750 Rumpere,
332 2678 415 2753 quam
427 2680 523 2755 coepit,
536 2681 658 2743 nubem,
676 2679 719 2733 sed
729 2678 874 2752 deprimit,
885 2692 915 2733 ut
924 2679 955 2735 lit

168 2758 203 2812 ln
216 2776 290 2812 mare
303 2757 337 2812 de
349 2761 417 2814 coelo
430 2774 561 2834 tanquam
574 2757 685 2814 demissa
697 2759 827 2815 columna

167 2836 329 2904 Paullatim,
345 2838 418 2914 quali
432 2839 501 2913 quid
514 2859 624 2915 pugn0,
639 2837 802 2915 brachiique
812 2837 929 2914 superne

168 2916 302 2992 Conjedlu
316 2918 452 2984 trudatur,
468 2935 494 2973 er
506 2919 671 2975 extendatur
683 2921 713 2974 iu
726 2919 828 2975 undas:

169 2998 264 3073 Quam
287 3017 352 3054 cum
374 2997 497 3063 discidit,
525 2996 592 3055 hinc
607 3001 804 3076 prorumpitur
825 3000 855 3057 in
870 3021 946 3058 maoe

293 3092 371 3133 venil

170 3158 233 3223 Vls,
249 3173 275 3212 et
288 3157 425 3214 servorem
438 3160 541 3216 mirum
561 3160 710 3218 concinnat
723 3159 753 3214 in
768 3161 861 3217 undis.

169 3237 368 3295 Versabundus
382 3240 549 3297 enimturbo
562 3240 711 3305 descendit,
728 3255 753 3294 et
766 3241 845 3298 illam

168 3317 289 3375 Deducit
302 3319 406 3393 pariter
417 3320 492 3375 lento
505 3340 569 3376 cum
581 3339 699 3395 corpore
710 3320 826 3377 nubem.

135 3421 139 3438 ι
168 3401 264 3476 Quam
279 3399 356 3454 simul
366 3418 396 3454 ac
406 3399 549 3473 gravidam
546 3399 670 3538 l{letrusu
682 3399 716 3455 ad
727 3419 836 3474 equora
848 3418 945 3539 mxlii

941 3504 961 3539 e
