2359 3875
279 421 480 494 ΗΒΕΑ
526 419 847 523 nunnius.
895 435 959 512 ης

177 557 212 613 In
225 558 375 635 medioque
389 558 442 614 {itit
458 559 571 615 torrenti
580 559 698 616 flumine
712 571 823 632 potans.

177 638 221 694 Sic
234 640 265 694 in
278 658 372 695 amore
385 638 485 695 Venus
499 638 650 695 fimulacris
662 638 736 695 ludit
744 635 891 701 amanteis3
978 656 980 660 ’

177 717 235 775 Nec
248 718 342 774 satiare
356 734 462 795 queunt
473 718 618 794 [pedando
631 736 868 793 empuritanam,
948 717 964 759 ’-

178 797 236 854 Nec
246 799 375 854 manibus
386 797 539 873 quidquam
551 798 790 855 teneris'abradere
803 795 933 874 membris

177 876 304 941 Poffunt,
319 892 439 933 errantes
451 879 549 933 incerti
563 898 680 954 corpore
694 892 763 933 toto.

219 958 351 1032 Denique
364 977 449 1031 quom
463 959 595 1014 membris
610 958 724 1015 conlatis
739 958 808 1014 flore
828 954 963 1014 fruuntur

178 1037 283 1103 litatis,
300 1057 387 1112 quom
396 1039 454 1112 jam
467 1038 593 1113 praesagit
606 1038 707 1114 gaudia
719 1058 821 1113 corpus
915 1074 920 1080 ·

178 1116 273 1193 Atque
287 1118 317 1174 in
328 1117 405 1173 coest
419 1116 527 1183 Venus,
541 1134 571 1174 ut
582 1119 731 1174 muliebria
743 1117 864 1173 conserat
877 1136 958 1181 aevu

179 1197 320 1272 Adfigunt
330 1196 410 1253 avide
423 1216 535 1274 corpus,
546 1198 725 1274 junguntque
739 1197 835 1252 salivas

181 1276 261 1344 Oris,
276 1292 303 1332 et
316 1277 453 1353 inspirant
463 1276 610 1353 pressantes
619 1277 750 1333 dentibus
762 1296 823 1342 ora,

179 1357 389 1432 Nequicquam:
402 1358 533 1433 quoniam
541 1355 613 1413 nihil
622 1356 688 1413 inde
698 1353 962 1431 abraderepoffunt.

181 1438 239 1495 Nec
255 1451 408 1513 penetrare,
423 1451 449 1492 et
462 1438 539 1493 abire
553 1437 583 1493 in
597 1456 700 1513 corpus
712 1448 827 1512 corpote
841 1450 912 1493 toto.

180 1518 253 1575 Nam
263 1516 352 1573 facere
365 1517 507 1573 interdum
521 1517 550 1573 id
565 1519 646 1582 velle,
660 1532 688 1573 et
700 1531 803 1573 certare
812 1513 961 1587 videntur:

183 1597 346 1673 Usqueadeo
354 1596 455 1672 cupide
470 1597 589 1654 Veneris
602 1597 784 1673 compagibus
796 1594 910 1658 haerent.

183 1678 312 1733 Membra
324 1676 475 1752 voluptatis
486 1674 554 1733 dum
568 1677 596 1732 vi
610 1674 739 1733 labefada
752 1676 918 1752 liquescunt.

182 1756 310 1815 Tandem
325 1757 374 1814 ubi
389 1756 413 1812 se
427 1757 506 1833 rupit
515 1757 609 1813 nervis
618 1755 738 1814 conledia
750 1756 868 1833 cupido,

182 1837 271 1894 Parva
282 1836 313 1893 fit
326 1837 433 1893 ardoris
446 1835 563 1892 violenti
574 1837 657 1913 pausa
669 1856 837 1913 parumper3

183 1916 253 1973 Inde
267 1916 339 1973 redit
353 1916 441 1973 rabies
453 1915 559 1984 eadem,
576 1930 603 1972 et
615 1915 695 1973 furor
708 1916 754 1973 ille
768 1915 870 1983 revifit‚

184 1999 283 2076 Quom
294 1997 341 2052 tibi
355 1997 431 2072 quod
444 1998 561 2073 cupiant
573 1997 636 2073 ipfi,
648 1995 807 2072 contingere
819 2010 963 2070 querunt:

184 2077 242 2134 Nec
255 2077 376 2152 reperire
390 2078 493 2134 malum
508 2077 537 2133 id
551 2076 665 2153 poffuut
677 2095 738 2151 quae
751 2073 882 2132 machina
900 2076 966 2132 vin·

266 2172 325 2213 cat:

186 2231 277 2314 Usque
291 2237 359 2293 adeo
373 2238 470 2308 incerti
480 2236 619 2295 tabescunt
633 2239 747 2296 volnere
756 2258 839 2297 caeco.

226 2316 311 2374 Adde
324 2318 401 2392 quod
410 2317 557 2374 absumunt
567 2320 661 2384 vireis,
676 2335 848 2396 pereuntque
861 2318 963 2377 labooet

185 2397 268 2454 Adde
276 2398 354 2473 quod
364 2399 476 2454 alterius
491 2397 537 2454 sub
547 2414 619 2455 nutu
628 2399 742 2477 degitur
754 2416 829 2457 etas.
904 2419 908 2443 ³

185 2478 304 2535 Labitur
317 2478 481 2544 inteream,
497 2494 524 2534 et
538 2479 700 2537 vadimonia
714 2481 798 2545 fiunt,

185 2557 332 2634 Languent
344 2556 446 2626 officia,
460 2573 543 2632 atque
552 2574 664 2634 egrotae
676 2558 749 2615 fama
758 2561 910 2624 vacillanrg

187 2639 347 2714 Unguenta,
363 2651 389 2692 et
400 2636 517 2712 pulchra
526 2638 556 2692 in
566 2636 685 2713 pedibus
695 2639 826 2716 Sicyonia
840 2638 943 2694 ridente

186 2717 297 2774 Scilicet
307 2732 333 2773 et
347 2718 461 2793 grandes
473 2716 557 2772 viridi
570 2736 635 2773 curu
647 2718 707 2775 luce
719 2718 854 2795 smaragdi

185 2797 267 2854 Auro
281 2796 473 2864 includuntur,
490 2797 644 2872 teriturque
654 2795 794 2855 thalaffina
807 2797 888 2855 vestis
928 2800 945 2819 ”

185 2876 312 2943 Affidue‚
327 2893 354 2932 et
367 2876 485 2934 Veneris
497 2874 623 2933 sudorem
636 2879 756 2935 exercita
770 2894 863 2954 potat:
888 2914 890 2919 ·

186 2957 222 3012 Et
234 2958 303 3012 bene
315 2970 394 3033 parta
405 2972 516 3032 patrum
527 2956 599 3012 fiunt
607 2957 779 3027 anademata‚
792 2960 901 3017 mitraet

187 3036 335 3094 Interdum
345 3037 374 3092 in
385 3038 499 3112 pallam,
510 3056 540 3092 ac
548 3037 710 3105 Meliteniit,
722 3039 965 3116 Ceaquevertuut.

188 3116 386 3172 Eximia'vesse
397 3130 424 3172 et
437 3115 512 3173 vitiu
525 3117 667 3186 convivia,
680 3117 753 3186 ludi,
957 3186 959 3191 Ι

188 3195 292 3252 Pocula
301 3197 408 3263 crebra,
419 3211 572 3273 unguenta,
588 3216 707 3265 corone,
720 3198 789 3256 serta
801 3217 951 3277 parantnre

187 3276 399 3352 Nequicquatn:
413 3276 548 3352 quoniam
563 3277 657 3335 medio
671 3277 704 3334 de
717 3277 794 3339 fonte
805 3281 933 3359 leporum

189 3355 284 3434 Surgit
293 3356 381 3416 amari
390 3353 512 3433 aliquid,
526 3357 605 3498 quui}
612 3358 642 3414 in
653 3358 716 3437 iplis
728 3359 845 3419 floribus
856 3377 955 3438 anget:

617 3466 620 3470 ·
921 3443 988 3502 im
1010 3453 1014 3458 ”
