<?xml version="1.0" encoding="UTF-8"?>
<!DOCTYPE html PUBLIC "-//W3C//DTD XHTML 1.0 Transitional//EN"
    "http://www.w3.org/TR/xhtml1/DTD/xhtml1-transitional.dtd">
<html xmlns="http://www.w3.org/1999/xhtml" xml:lang="en" lang="en">
 <head>
  <title>
</title>
<meta http-equiv="Content-Type" content="text/html;charset=utf-8" />
  <meta name='ocr-system' content='tesseract 3.04.00' />
  <meta name='ocr-capabilities' content='ocr_page ocr_carea ocr_par ocr_line ocrx_word'/>
</head>
<body>
  <div class='ocr_page' id='page_1' title='image "./titilucretiicar03carugoog_0145.png"; bbox 0 0 2359 3875; ppageno 0'>
   <div class='ocr_carea' id='block_1_1' title="bbox 300 427 976 531">
    <p class='ocr_par' dir='ltr' id='par_1_1' title="bbox 300 427 976 531">
     <span class='ocr_line' id='line_1_1' title="bbox 300 427 976 531; baseline -0.007 -30"><span class='ocrx_word' id='word_1_1' title='bbox 300 430 502 502; x_wconf 80' lang='lat' dir='ltr'><em>LIBER</em></span> <span class='ocrx_word' id='word_1_2' title='bbox 538 427 833 531; x_wconf 70' lang='lat' dir='ltr'><strong><em>QUINTUS.</em></strong></span> <span class='ocrx_word' id='word_1_3' title='bbox 913 451 976 521; x_wconf 84' lang='lat'>¹37</span> 
     </span>
    </p>
   </div>
   <div class='ocr_carea' id='block_1_2' title="bbox 158 556 1008 3498">
    <p class='ocr_par' dir='ltr' id='par_1_2' title="bbox 194 556 895 635">
     <span class='ocr_line' id='line_1_2' title="bbox 194 556 895 635; baseline -0.004 -20"><span class='ocrx_word' id='word_1_4' title='bbox 194 558 307 616; x_wconf 76' lang='lat' dir='ltr'>Foedere</span> <span class='ocrx_word' id='word_1_5' title='bbox 320 560 406 627; x_wconf 81' lang='lat' dir='ltr'>sint,</span> <span class='ocrx_word' id='word_1_6' title='bbox 398 582 429 616; x_wconf 89' lang='grc' dir='ltr'>ιιι</span> <span class='ocrx_word' id='word_1_7' title='bbox 438 581 471 618; x_wconf 91' lang='lat' dir='ltr'>eo</span> <span class='ocrx_word' id='word_1_8' title='bbox 484 581 567 635; x_wconf 82' lang='lat' dir='ltr'>quam</span> <span class='ocrx_word' id='word_1_9' title='bbox 581 561 612 617; x_wconf 77' lang='lat' dir='ltr'>fit</span> <span class='ocrx_word' id='word_1_10' title='bbox 624 561 724 617; x_wconf 83' lang='lat' dir='ltr'>durare</span> <span class='ocrx_word' id='word_1_11' title='bbox 736 556 895 616; x_wconf 77' lang='lat' dir='ltr'>necessum:</span> 
     </span>
    </p>

    <p class='ocr_par' dir='ltr' id='par_1_3' title="bbox 196 640 815 717">
     <span class='ocr_line' id='line_1_3' title="bbox 196 640 815 717; baseline 0 -22"><span class='ocrx_word' id='word_1_12' title='bbox 196 640 255 695; x_wconf 90' lang='lat' dir='ltr'>Nec</span> <span class='ocrx_word' id='word_1_13' title='bbox 266 640 372 696; x_wconf 86' lang='lat' dir='ltr'>validas</span> <span class='ocrx_word' id='word_1_14' title='bbox 384 643 435 698; x_wconf 73' lang='lat' dir='ltr'>eni</span> <span class='ocrx_word' id='word_1_15' title='bbox 449 643 558 698; x_wconf 84' lang='lat' dir='ltr'>valeant</span> <span class='ocrx_word' id='word_1_16' title='bbox 571 640 721 698; x_wconf 85' lang='lat' dir='ltr'>rescindere</span> <span class='ocrx_word' id='word_1_17' title='bbox 731 642 815 717; x_wconf 81' lang='lat' dir='ltr'>leger</span> 
     </span>
    </p>

    <p class='ocr_par' dir='ltr' id='par_1_4' title="bbox 167 709 903 796">
     <span class='ocr_line' id='line_1_4' title="bbox 167 709 903 796; baseline -0.001 -24"><span class='ocrx_word' id='word_1_18' title='bbox 167 768 170 772; x_wconf 89' lang='lat'>.</span> <span class='ocrx_word' id='word_1_19' title='bbox 196 718 266 794; x_wconf 73' lang='lat' dir='ltr'>Quo</span> <span class='ocrx_word' id='word_1_20' title='bbox 279 739 377 795; x_wconf 84' lang='lat' dir='ltr'>genere</span> <span class='ocrx_word' id='word_1_21' title='bbox 390 722 421 776; x_wconf 89' lang='lat' dir='ltr'>in</span> <span class='ocrx_word' id='word_1_22' title='bbox 433 741 533 796; x_wconf 85' lang='lat' dir='ltr'>prmus</span> <span class='ocrx_word' id='word_1_23' title='bbox 541 741 629 777; x_wconf 84' lang='lat' dir='ltr'>annm</span> <span class='ocrx_word' id='word_1_24' title='bbox 641 736 740 778; x_wconf 83' lang='lat' dir='ltr'>natura</span> <span class='ocrx_word' id='word_1_25' title='bbox 749 709 903 795; x_wconf 79' lang='lat' dir='ltr'>reperta&#39;,st</span> 
     </span>
    </p>

    <p class='ocr_par' dir='ltr' id='par_1_5' title="bbox 195 798 816 876">
     <span class='ocr_line' id='line_1_5' title="bbox 195 798 816 876; baseline 0.003 -22"><span class='ocrx_word' id='word_1_26' title='bbox 195 798 302 855; x_wconf 81' lang='lat' dir='ltr'>Nativo</span> <span class='ocrx_word' id='word_1_27' title='bbox 315 800 440 874; x_wconf 88' lang='lat' dir='ltr'>primum</span> <span class='ocrx_word' id='word_1_28' title='bbox 452 799 593 858; x_wconf 77' lang='lat' dir='ltr'>confissere</span> <span class='ocrx_word' id='word_1_29' title='bbox 602 819 721 876; x_wconf 88' lang='lat' dir='ltr'>corpore</span> <span class='ocrx_word' id='word_1_30' title='bbox 732 814 816 865; x_wconf 80' lang='lat' dir='ltr'>creta,</span> 
     </span>
    </p>

    <p class='ocr_par' dir='ltr' id='par_1_6' title="bbox 193 878 968 957">
     <span class='ocr_line' id='line_1_6' title="bbox 193 878 968 957; baseline -0.005 -22"><span class='ocrx_word' id='word_1_31' title='bbox 193 878 254 935; x_wconf 88' lang='lat' dir='ltr'>Nec</span> <span class='ocrx_word' id='word_1_32' title='bbox 267 880 343 955; x_wconf 82' lang='lat' dir='ltr'>polle</span> <span class='ocrx_word' id='word_1_33' title='bbox 355 880 505 937; x_wconf 87' lang='lat' dir='ltr'>incolumis</span> <span class='ocrx_word' id='word_1_34' title='bbox 515 881 756 957; x_wconf 79' lang='lat' dir='ltr'>magnnmdurare</span> <span class='ocrx_word' id='word_1_35' title='bbox 769 899 819 955; x_wconf 89' lang='lat' dir='ltr'>per</span> <span class='ocrx_word' id='word_1_36' title='bbox 828 889 968 933; x_wconf 74' lang='lat' dir='ltr'>aerumt&#39;</span> 
     </span>
    </p>

    <p class='ocr_par' dir='ltr' id='par_1_7' title="bbox 196 958 909 1022">
     <span class='ocr_line' id='line_1_7' title="bbox 196 958 909 1022; baseline -0.003 -9"><span class='ocrx_word' id='word_1_37' title='bbox 196 958 251 1015; x_wconf 85' lang='lat' dir='ltr'>Sed</span> <span class='ocrx_word' id='word_1_38' title='bbox 260 959 402 1016; x_wconf 82' lang='lat' dir='ltr'>simulacra</span> <span class='ocrx_word' id='word_1_39' title='bbox 415 961 520 1016; x_wconf 88' lang='lat' dir='ltr'>solere&#39;</span> <span class='ocrx_word' id='word_1_40' title='bbox 513 982 543 1017; x_wconf 86' lang='grc' dir='ltr'>ιιι</span> <span class='ocrx_word' id='word_1_41' title='bbox 553 960 654 1017; x_wconf 85' lang='lat' dir='ltr'>somnis</span> <span class='ocrx_word' id='word_1_42' title='bbox 666 959 759 1018; x_wconf 81' lang='lat' dir='ltr'>fallere</span> <span class='ocrx_word' id='word_1_43' title='bbox 772 968 909 1022; x_wconf 81' lang='lat' dir='ltr'>mentem,</span> 
     </span>
    </p>

    <p class='ocr_par' dir='ltr' id='par_1_8' title="bbox 197 1035 967 1196">
     <span class='ocr_line' id='line_1_8' title="bbox 197 1035 956 1115; baseline -0.003 -22"><span class='ocrx_word' id='word_1_44' title='bbox 197 1040 318 1096; x_wconf 84' lang='lat' dir='ltr'>Cernere</span> <span class='ocrx_word' id='word_1_45' title='bbox 333 1060 398 1096; x_wconf 88' lang='lat' dir='ltr'>cum</span> <span class='ocrx_word' id='word_1_46' title='bbox 412 1040 557 1097; x_wconf 86' lang='lat' dir='ltr'>videamur</span> <span class='ocrx_word' id='word_1_47' title='bbox 570 1061 647 1105; x_wconf 83' lang='lat' dir='ltr'>eum,</span> <span class='ocrx_word' id='word_1_48' title='bbox 663 1060 745 1115; x_wconf 86' lang='lat' dir='ltr'>quem</span> <span class='ocrx_word' id='word_1_49' title='bbox 759 1039 817 1095; x_wconf 85' lang='lat' dir='ltr'>vita</span> <span class='ocrx_word' id='word_1_50' title='bbox 829 1035 956 1111; x_wconf 84' lang='lat' dir='ltr'>reliquit.</span> 
     </span>
     <span class='ocr_line' id='line_1_9' title="bbox 240 1114 978 1196; baseline -0.004 -21"><span class='ocrx_word' id='word_1_51' title='bbox 240 1119 466 1196; x_wconf 73' lang='lat' dir='ltr'>Quodsuperesl,</span> <span class='ocrx_word' id='word_1_52' title='bbox 474 1140 548 1177; x_wconf 89' lang='lat' dir='ltr'>nunc</span> <span class='ocrx_word' id='word_1_53' title='bbox 559 1120 664 1178; x_wconf 86' lang='lat' dir='ltr'>mehue</span> <span class='ocrx_word' id='word_1_54' title='bbox 674 1114 978 1182; x_wconf 82' lang='lat' dir='ltr'>rationisdetulitordo</span> 
     </span>
    </p>

    <p class='ocr_par' dir='ltr' id='par_1_9' title="bbox 198 1197 902 1277">
     <span class='ocr_line' id='line_1_10' title="bbox 198 1197 902 1277; baseline -0.007 -20"><span class='ocrx_word' id='word_1_55' title='bbox 198 1198 238 1257; x_wconf 83' lang='lat' dir='ltr'>Ut</span> <span class='ocrx_word' id='word_1_56' title='bbox 252 1197 337 1264; x_wconf 81' lang='lat' dir='ltr'>mihi,</span> <span class='ocrx_word' id='word_1_57' title='bbox 350 1200 462 1257; x_wconf 80' lang='lat' dir='ltr'>mortali</span> <span class='ocrx_word' id='word_1_58' title='bbox 476 1200 616 1257; x_wconf 87' lang='lat' dir='ltr'>consistere</span> <span class='ocrx_word' id='word_1_59' title='bbox 623 1220 738 1277; x_wconf 86' lang='lat' dir='ltr'>corpore</span> <span class='ocrx_word' id='word_1_60' title='bbox 750 1197 902 1263; x_wconf 82' lang='lat' dir='ltr'>mundum,</span> 
     </span>
    </p>

    <p class='ocr_par' dir='ltr' id='par_1_10' title="bbox 196 1276 872 1354">
     <span class='ocr_line' id='line_1_11' title="bbox 196 1276 872 1354; baseline -0.005 -20"><span class='ocrx_word' id='word_1_61' title='bbox 196 1279 389 1354; x_wconf 83' lang='lat' dir='ltr'>Nativumqne</span> <span class='ocrx_word' id='word_1_62' title='bbox 404 1279 494 1345; x_wconf 82' lang='lat' dir='ltr'>fimul,</span> <span class='ocrx_word' id='word_1_63' title='bbox 509 1281 580 1337; x_wconf 84' lang='lat' dir='ltr'>ratio</span> <span class='ocrx_word' id='word_1_64' title='bbox 594 1280 739 1339; x_wconf 85' lang='lat' dir='ltr'>reddunda</span> <span class='ocrx_word' id='word_1_65' title='bbox 748 1279 790 1346; x_wconf 75' lang='lat' dir='ltr'>fir,</span> <span class='ocrx_word' id='word_1_66' title='bbox 805 1276 872 1336; x_wconf 82' lang='lat' dir='ltr'>esse:</span> 
     </span>
    </p>

    <p class='ocr_par' dir='ltr' id='par_1_11' title="bbox 196 1358 814 1437">
     <span class='ocr_line' id='line_1_12' title="bbox 196 1358 814 1437; baseline 0 -24"><span class='ocrx_word' id='word_1_67' title='bbox 196 1358 232 1414; x_wconf 83' lang='lat' dir='ltr'>Et</span> <span class='ocrx_word' id='word_1_68' title='bbox 243 1359 348 1434; x_wconf 87' lang='lat' dir='ltr'>quibus</span> <span class='ocrx_word' id='word_1_69' title='bbox 359 1360 405 1415; x_wconf 90' lang='lat' dir='ltr'>ille</span> <span class='ocrx_word' id='word_1_70' title='bbox 418 1360 508 1416; x_wconf 87' lang='lat' dir='ltr'>modis</span> <span class='ocrx_word' id='word_1_71' title='bbox 521 1360 676 1437; x_wconf 79' lang='lat' dir='ltr'>congressus</span> <span class='ocrx_word' id='word_1_72' title='bbox 687 1359 814 1417; x_wconf 82' lang='lat' dir='ltr'>materiai</span> 
     </span>
    </p>

    <p class='ocr_par' dir='ltr' id='par_1_12' title="bbox 199 1437 908 1506">
     <span class='ocr_line' id='line_1_13' title="bbox 199 1437 908 1506; baseline -0.001 -12"><span class='ocrx_word' id='word_1_73' title='bbox 199 1438 334 1495; x_wconf 86' lang='lat' dir='ltr'>Fundarit</span> <span class='ocrx_word' id='word_1_74' title='bbox 348 1454 459 1506; x_wconf 83' lang='lat' dir='ltr'>terram,</span> <span class='ocrx_word' id='word_1_75' title='bbox 476 1441 587 1506; x_wconf 83' lang='lat' dir='ltr'>coelum,</span> <span class='ocrx_word' id='word_1_76' title='bbox 603 1460 687 1506; x_wconf 81' lang='lat' dir='ltr'>mare,</span> <span class='ocrx_word' id='word_1_77' title='bbox 702 1439 798 1505; x_wconf 82' lang='lat' dir='ltr'>sidera,</span> <span class='ocrx_word' id='word_1_78' title='bbox 814 1437 908 1505; x_wconf 81' lang='lat' dir='ltr'>solem,</span> 
     </span>
    </p>

    <p class='ocr_par' dir='ltr' id='par_1_13' title="bbox 200 1518 928 1595">
     <span class='ocr_line' id='line_1_14' title="bbox 200 1518 928 1595; baseline 0 -20"><span class='ocrx_word' id='word_1_79' title='bbox 200 1518 348 1593; x_wconf 82' lang='lat' dir='ltr'>Lunaique</span> <span class='ocrx_word' id='word_1_80' title='bbox 361 1520 495 1595; x_wconf 82' lang='lat' dir='ltr'>globum3</span> <span class='ocrx_word' id='word_1_81' title='bbox 521 1534 582 1577; x_wconf 83' lang='lat' dir='ltr'>tum</span> <span class='ocrx_word' id='word_1_82' title='bbox 595 1540 656 1595; x_wconf 79' lang='lat' dir='ltr'>quae</span> <span class='ocrx_word' id='word_1_83' title='bbox 670 1520 766 1577; x_wconf 87' lang='lat' dir='ltr'>tellure</span> <span class='ocrx_word' id='word_1_84' title='bbox 775 1518 928 1575; x_wconf 71' lang='lat' dir='ltr'>animante!</span> 
     </span>
    </p>

    <p class='ocr_par' dir='ltr' id='par_1_14' title="bbox 199 1597 869 1675">
     <span class='ocr_line' id='line_1_15' title="bbox 199 1597 869 1675; baseline 0.003 -22"><span class='ocrx_word' id='word_1_85' title='bbox 199 1597 371 1666; x_wconf 81' lang='lat' dir='ltr'>Exstiterint‚</span> <span class='ocrx_word' id='word_1_86' title='bbox 386 1613 413 1654; x_wconf 87' lang='lat' dir='ltr'>et</span> <span class='ocrx_word' id='word_1_87' title='bbox 425 1620 486 1675; x_wconf 82' lang='lat' dir='ltr'>quae</span> <span class='ocrx_word' id='word_1_88' title='bbox 499 1601 578 1658; x_wconf 89' lang='lat' dir='ltr'>nullo</span> <span class='ocrx_word' id='word_1_89' title='bbox 589 1600 639 1655; x_wconf 84' lang='lat' dir='ltr'>sint</span> <span class='ocrx_word' id='word_1_90' title='bbox 649 1613 775 1675; x_wconf 85' lang='lat' dir='ltr'>tempore</span> <span class='ocrx_word' id='word_1_91' title='bbox 786 1613 869 1656; x_wconf 72' lang='lat' dir='ltr'>nate.</span> 
     </span>
    </p>

    <p class='ocr_par' dir='ltr' id='par_1_15' title="bbox 158 1678 922 1757">
     <span class='ocr_line' id='line_1_16' title="bbox 158 1678 922 1757; baseline -0.003 -17"><span class='ocrx_word' id='word_1_92' title='bbox 158 1685 162 1692; x_wconf 79' lang='grc'><em>“</em></span> <span class='ocrx_word' id='word_1_93' title='bbox 199 1680 302 1757; x_wconf 75' lang='lat' dir='ltr'>Quove</span> <span class='ocrx_word' id='word_1_94' title='bbox 316 1678 401 1736; x_wconf 88' lang='lat' dir='ltr'>modo</span> <span class='ocrx_word' id='word_1_95' title='bbox 414 1699 500 1755; x_wconf 79' lang='lat' dir='ltr'>genus</span> <span class='ocrx_word' id='word_1_96' title='bbox 512 1679 670 1737; x_wconf 88' lang='lat' dir='ltr'>humanum</span> <span class='ocrx_word' id='word_1_97' title='bbox 681 1679 804 1740; x_wconf 77' lang='lat' dir='ltr'>variante</span> <span class='ocrx_word' id='word_1_98' title='bbox 812 1678 922 1755; x_wconf 69' lang='lat' dir='ltr'>loquela</span> 
     </span>
    </p>

    <p class='ocr_par' dir='ltr' id='par_1_16' title="bbox 198 1758 847 1836">
     <span class='ocr_line' id='line_1_17' title="bbox 198 1758 847 1836; baseline 0.003 -23"><span class='ocrx_word' id='word_1_99' title='bbox 198 1759 326 1835; x_wconf 76' lang='lat' dir='ltr'>Coeperit</span> <span class='ocrx_word' id='word_1_100' title='bbox 338 1758 411 1815; x_wconf 83' lang='lat' dir='ltr'>inter</span> <span class='ocrx_word' id='word_1_101' title='bbox 424 1759 449 1815; x_wconf 92' lang='lat' dir='ltr'>se</span> <span class='ocrx_word' id='word_1_102' title='bbox 461 1759 531 1817; x_wconf 87' lang='lat' dir='ltr'>vesci</span> <span class='ocrx_word' id='word_1_103' title='bbox 544 1779 596 1836; x_wconf 87' lang='lat' dir='ltr'>per</span> <span class='ocrx_word' id='word_1_104' title='bbox 604 1760 721 1817; x_wconf 87' lang='lat' dir='ltr'>nomina</span> <span class='ocrx_word' id='word_1_105' title='bbox 735 1778 847 1818; x_wconf 87' lang='lat' dir='ltr'>rerum:</span> 
     </span>
    </p>

    <p class='ocr_par' dir='ltr' id='par_1_17' title="bbox 200 1836 888 1918">
     <span class='ocr_line' id='line_1_18' title="bbox 200 1836 888 1918; baseline 0.001 -24"><span class='ocrx_word' id='word_1_106' title='bbox 200 1839 234 1895; x_wconf 86' lang='lat' dir='ltr'>Et</span> <span class='ocrx_word' id='word_1_107' title='bbox 245 1841 350 1918; x_wconf 75' lang='lat' dir='ltr'>quibus</span> <span class='ocrx_word' id='word_1_108' title='bbox 363 1840 411 1896; x_wconf 89' lang='lat' dir='ltr'>ille</span> <span class='ocrx_word' id='word_1_109' title='bbox 423 1839 516 1898; x_wconf 85' lang='lat' dir='ltr'>modis</span> <span class='ocrx_word' id='word_1_110' title='bbox 528 1839 629 1897; x_wconf 85' lang='lat' dir='ltr'>divum</span> <span class='ocrx_word' id='word_1_111' title='bbox 639 1855 727 1897; x_wconf 81' lang='lat' dir='ltr'>metus</span> <span class='ocrx_word' id='word_1_112' title='bbox 740 1836 888 1898; x_wconf 81' lang='lat' dir='ltr'>insinuarit</span> 
     </span>
    </p>

    <p class='ocr_par' dir='ltr' id='par_1_18' title="bbox 200 1918 924 1996">
     <span class='ocr_line' id='line_1_19' title="bbox 200 1918 924 1996; baseline -0.001 -20"><span class='ocrx_word' id='word_1_113' title='bbox 200 1918 322 1986; x_wconf 69' lang='lat' dir='ltr'>Pelleta,</span> <span class='ocrx_word' id='word_1_114' title='bbox 339 1934 474 1978; x_wconf 84' lang='lat' dir='ltr'>terrarum</span> <span class='ocrx_word' id='word_1_115' title='bbox 487 1922 538 1996; x_wconf 93' lang='lat' dir='ltr'>qui</span> <span class='ocrx_word' id='word_1_116' title='bbox 551 1920 583 1978; x_wconf 90' lang='lat' dir='ltr'>in</span> <span class='ocrx_word' id='word_1_117' title='bbox 595 1921 659 1977; x_wconf 86' lang='lat' dir='ltr'>orbi</span> <span class='ocrx_word' id='word_1_118' title='bbox 672 1918 760 1978; x_wconf 66' lang='lat' dir='ltr'>sanda</span> <span class='ocrx_word' id='word_1_119' title='bbox 774 1934 867 1977; x_wconf 81' lang='lat' dir='ltr'>tuetur</span> <span class='ocrx_word' id='word_1_120' title='bbox 921 1964 924 1975; x_wconf 92' lang='lat'>.</span> 
     </span>
    </p>

    <p class='ocr_par' dir='ltr' id='par_1_19' title="bbox 201 1998 904 2155">
     <span class='ocr_line' id='line_1_20' title="bbox 201 1998 904 2083; baseline 0.001 -27"><span class='ocrx_word' id='word_1_121' title='bbox 201 2002 282 2068; x_wconf 73' lang='lat' dir='ltr'>Pana,</span> <span class='ocrx_word' id='word_1_122' title='bbox 297 2003 384 2068; x_wconf 82' lang='lat' dir='ltr'>lacus,</span> <span class='ocrx_word' id='word_1_123' title='bbox 400 2003 488 2068; x_wconf 83' lang='lat' dir='ltr'>lucos,</span> <span class='ocrx_word' id='word_1_124' title='bbox 500 2022 570 2068; x_wconf 80' lang='lat' dir='ltr'>aras,</span> <span class='ocrx_word' id='word_1_125' title='bbox 587 2001 781 2075; x_wconf 79' lang='lat' dir='ltr'>simulacraque</span> <span class='ocrx_word' id='word_1_126' title='bbox 793 1998 904 2083; x_wconf 69' lang='lat' dir='ltr'>divurn.</span> 
     </span>
     <span class='ocr_line' id='line_1_21' title="bbox 241 2081 843 2155; baseline -0.005 -17"><span class='ocrx_word' id='word_1_127' title='bbox 241 2082 387 2147; x_wconf 56' lang='lat' dir='ltr'>Praeter,</span> <span class='ocrx_word' id='word_1_128' title='bbox 402 2081 466 2138; x_wconf 82' lang='lat' dir='ltr'>solis</span> <span class='ocrx_word' id='word_1_129' title='bbox 479 2082 583 2147; x_wconf 79' lang='lat' dir='ltr'>cursus,</span> <span class='ocrx_word' id='word_1_130' title='bbox 595 2083 725 2155; x_wconf 81' lang='lat' dir='ltr'>lunaeque</span> <span class='ocrx_word' id='word_1_131' title='bbox 736 2093 843 2137; x_wconf 68' lang='lat' dir='ltr'>meatus</span> 
     </span>
    </p>

    <p class='ocr_par' dir='ltr' id='par_1_20' title="bbox 202 2160 877 2236">
     <span class='ocr_line' id='line_1_22' title="bbox 202 2160 877 2236; baseline -0.003 -20"><span class='ocrx_word' id='word_1_132' title='bbox 202 2160 369 2236; x_wconf 78' lang='lat' dir='ltr'>Expediam,</span> <span class='ocrx_word' id='word_1_133' title='bbox 383 2180 479 2236; x_wconf 77' lang='lat' dir='ltr'>quavi</span> <span class='ocrx_word' id='word_1_134' title='bbox 470 2160 581 2218; x_wconf 74' lang='lat' dir='ltr'>fleuat</span> <span class='ocrx_word' id='word_1_135' title='bbox 594 2175 693 2218; x_wconf 81' lang='lat' dir='ltr'>natura</span> <span class='ocrx_word' id='word_1_136' title='bbox 706 2161 877 2236; x_wconf 75' lang='lat' dir='ltr'>gubernanre</span> 
     </span>
    </p>

    <p class='ocr_par' dir='ltr' id='par_1_21' title="bbox 201 2237 886 2315">
     <span class='ocr_line' id='line_1_23' title="bbox 201 2237 886 2315; baseline 0 -17"><span class='ocrx_word' id='word_1_137' title='bbox 201 2240 242 2298; x_wconf 89' lang='lat' dir='ltr'>Ne</span> <span class='ocrx_word' id='word_1_138' title='bbox 256 2241 326 2296; x_wconf 85' lang='lat' dir='ltr'>forte</span> <span class='ocrx_word' id='word_1_139' title='bbox 340 2237 467 2297; x_wconf 88' lang='lat' dir='ltr'>hicinter</span> <span class='ocrx_word' id='word_1_140' title='bbox 478 2243 589 2307; x_wconf 74' lang='lat' dir='ltr'>coelum,</span> <span class='ocrx_word' id='word_1_141' title='bbox 605 2256 761 2315; x_wconf 85' lang='lat' dir='ltr'>terramque</span> <span class='ocrx_word' id='word_1_142' title='bbox 773 2258 886 2298; x_wconf 76' lang='lat' dir='ltr'>reamur</span> 
     </span>
    </p>

    <p class='ocr_par' dir='ltr' id='par_1_22' title="bbox 203 2320 873 2399">
     <span class='ocr_line' id='line_1_24' title="bbox 203 2320 873 2399; baseline 0.001 -23"><span class='ocrx_word' id='word_1_143' title='bbox 203 2320 301 2377; x_wconf 82' lang='lat' dir='ltr'>Libera</span> <span class='ocrx_word' id='word_1_144' title='bbox 313 2321 411 2396; x_wconf 89' lang='lat' dir='ltr'>sponte</span> <span class='ocrx_word' id='word_1_145' title='bbox 424 2320 470 2377; x_wconf 82' lang='lat' dir='ltr'>sua</span> <span class='ocrx_word' id='word_1_146' title='bbox 489 2321 582 2378; x_wconf 85' lang='lat' dir='ltr'>cursus</span> <span class='ocrx_word' id='word_1_147' title='bbox 595 2321 708 2378; x_wconf 82' lang='lat' dir='ltr'>lnslrare</span> <span class='ocrx_word' id='word_1_148' title='bbox 717 2320 873 2399; x_wconf 75' lang='grc' dir='ltr'>ρειειιιιιίι,</span> 
     </span>
    </p>

    <p class='ocr_par' dir='ltr' id='par_1_23' title="bbox 201 2396 946 2477">
     <span class='ocr_line' id='line_1_25' title="bbox 201 2396 946 2477; baseline -0.001 -19"><span class='ocrx_word' id='word_1_149' title='bbox 201 2400 341 2476; x_wconf 83' lang='lat' dir='ltr'>Morigera</span> <span class='ocrx_word' id='word_1_150' title='bbox 353 2401 387 2456; x_wconf 83' lang='lat' dir='ltr'>ad</span> <span class='ocrx_word' id='word_1_151' title='bbox 400 2398 493 2477; x_wconf 81' lang='lat' dir='ltr'>srnges</span> <span class='ocrx_word' id='word_1_152' title='bbox 506 2401 655 2476; x_wconf 78' lang='lat' dir='ltr'>augendas,</span> <span class='ocrx_word' id='word_1_153' title='bbox 668 2416 751 2476; x_wconf 83' lang='lat' dir='ltr'>atque</span> <span class='ocrx_word' id='word_1_154' title='bbox 763 2396 946 2457; x_wconf 63' lang='lat' dir='ltr'>animantem·</span> 
     </span>
    </p>

    <p class='ocr_par' dir='ltr' id='par_1_24' title="bbox 201 2480 859 2557">
     <span class='ocr_line' id='line_1_26' title="bbox 201 2480 859 2557; baseline -0.002 -21"><span class='ocrx_word' id='word_1_155' title='bbox 201 2480 277 2537; x_wconf 87' lang='lat' dir='ltr'>Neve</span> <span class='ocrx_word' id='word_1_156' title='bbox 289 2483 383 2556; x_wconf 77' lang='lat' dir='ltr'>aliqua</span> <span class='ocrx_word' id='word_1_157' title='bbox 391 2480 491 2538; x_wconf 75' lang='lat' dir='ltr'>divum</span> <span class='ocrx_word' id='word_1_158' title='bbox 505 2481 581 2536; x_wconf 85' lang='lat' dir='ltr'>volvi</span> <span class='ocrx_word' id='word_1_159' title='bbox 595 2481 701 2538; x_wconf 80' lang='lat' dir='ltr'>ratione</span> <span class='ocrx_word' id='word_1_160' title='bbox 715 2492 859 2557; x_wconf 83' lang='lat' dir='ltr'>putemus.</span> 
     </span>
    </p>

    <p class='ocr_par' dir='ltr' id='par_1_25' title="bbox 201 2560 980 2636">
     <span class='ocr_line' id='line_1_27' title="bbox 201 2560 980 2636; baseline -0.003 -20"><span class='ocrx_word' id='word_1_161' title='bbox 201 2560 286 2628; x_wconf 82' lang='lat' dir='ltr'><strong>Nam,</strong></span> <span class='ocrx_word' id='word_1_162' title='bbox 298 2562 368 2617; x_wconf 88' lang='lat' dir='ltr'>bene</span> <span class='ocrx_word' id='word_1_163' title='bbox 380 2579 428 2634; x_wconf 77' lang='lat' dir='ltr'>qur</span> <span class='ocrx_word' id='word_1_164' title='bbox 421 2560 561 2618; x_wconf 88' lang='lat' dir='ltr'>didicere</span> <span class='ocrx_word' id='word_1_165' title='bbox 572 2561 638 2618; x_wconf 78' lang='lat' dir='ltr'>deos</span> <span class='ocrx_word' id='word_1_166' title='bbox 648 2560 775 2617; x_wconf 80' lang='lat' dir='ltr'>securum</span> <span class='ocrx_word' id='word_1_167' title='bbox 785 2578 864 2636; x_wconf 85' lang='lat' dir='ltr'>agere</span> <span class='ocrx_word' id='word_1_168' title='bbox 877 2577 980 2624; x_wconf 70' lang='lat' dir='ltr'>evum,</span> 
     </span>
    </p>

    <p class='ocr_par' dir='ltr' id='par_1_26' title="bbox 201 2639 816 2716">
     <span class='ocr_line' id='line_1_28' title="bbox 201 2639 816 2716; baseline -0.003 -20"><span class='ocrx_word' id='word_1_169' title='bbox 201 2641 228 2698; x_wconf 91' lang='lat' dir='ltr'>Si</span> <span class='ocrx_word' id='word_1_170' title='bbox 243 2655 333 2696; x_wconf 84' lang='lat' dir='ltr'>tamen</span> <span class='ocrx_word' id='word_1_171' title='bbox 346 2641 451 2697; x_wconf 84' lang='lat' dir='ltr'>interea</span> <span class='ocrx_word' id='word_1_172' title='bbox 463 2640 603 2698; x_wconf 85' lang='lat' dir='ltr'>mirantur</span> <span class='ocrx_word' id='word_1_173' title='bbox 615 2660 671 2716; x_wconf 85' lang='lat' dir='ltr'>qua</span> <span class='ocrx_word' id='word_1_174' title='bbox 683 2639 792 2696; x_wconf 77' lang='lat' dir='ltr'>ratione</span> <span class='ocrx_word' id='word_1_175' title='bbox 813 2674 816 2678; x_wconf 18' lang='grc' dir='ltr'><strong>Δ</strong></span> 
     </span>
    </p>

    <p class='ocr_par' dir='ltr' id='par_1_27' title="bbox 202 2719 906 2798">
     <span class='ocr_line' id='line_1_29' title="bbox 202 2719 906 2798; baseline -0.004 -22"><span class='ocrx_word' id='word_1_176' title='bbox 202 2722 328 2798; x_wconf 75' lang='lat' dir='ltr'>Quaeque</span> <span class='ocrx_word' id='word_1_177' title='bbox 341 2720 398 2796; x_wconf 86' lang='lat' dir='ltr'>geri</span> <span class='ocrx_word' id='word_1_178' title='bbox 412 2720 524 2796; x_wconf 76' lang='lat' dir='ltr'>possint,</span> <span class='ocrx_word' id='word_1_179' title='bbox 536 2720 689 2797; x_wconf 74' lang='lat' dir='ltr'>presertim</span> <span class='ocrx_word' id='word_1_180' title='bbox 702 2721 781 2775; x_wconf 78' lang='lat' dir='ltr'>rebus</span> <span class='ocrx_word' id='word_1_181' title='bbox 794 2719 825 2775; x_wconf 89' lang='lat' dir='ltr'>in</span> <span class='ocrx_word' id='word_1_182' title='bbox 839 2719 906 2785; x_wconf 77' lang='lat' dir='ltr'>illie,</span> 
     </span>
    </p>

    <p class='ocr_par' dir='ltr' id='par_1_28' title="bbox 202 2799 909 2879">
     <span class='ocr_line' id='line_1_30' title="bbox 202 2799 909 2879; baseline -0.001 -25"><span class='ocrx_word' id='word_1_183' title='bbox 202 2803 272 2879; x_wconf 75' lang='lat' dir='ltr'>Quae</span> <span class='ocrx_word' id='word_1_184' title='bbox 286 2801 384 2875; x_wconf 86' lang='lat' dir='ltr'>supera</span> <span class='ocrx_word' id='word_1_185' title='bbox 396 2814 482 2877; x_wconf 86' lang='lat' dir='ltr'>caput</span> <span class='ocrx_word' id='word_1_186' title='bbox 494 2800 615 2858; x_wconf 74' lang='lat' dir='ltr'>etheriis</span> <span class='ocrx_word' id='word_1_187' title='bbox 628 2814 781 2856; x_wconf 85' lang='lat' dir='ltr'>cernuntur</span> <span class='ocrx_word' id='word_1_188' title='bbox 793 2799 823 2856; x_wconf 91' lang='lat' dir='ltr'>in</span> <span class='ocrx_word' id='word_1_189' title='bbox 833 2799 909 2865; x_wconf 81' lang='lat' dir='ltr'>oris;</span> 
     </span>
    </p>

    <p class='ocr_par' dir='ltr' id='par_1_29' title="bbox 203 2879 912 2956">
     <span class='ocr_line' id='line_1_31' title="bbox 203 2879 912 2956; baseline -0.004 -18"><span class='ocrx_word' id='word_1_190' title='bbox 203 2881 309 2938; x_wconf 88' lang='lat' dir='ltr'>Rursus</span> <span class='ocrx_word' id='word_1_191' title='bbox 322 2882 352 2936; x_wconf 88' lang='lat' dir='ltr'>in</span> <span class='ocrx_word' id='word_1_192' title='bbox 362 2881 488 2955; x_wconf 75' lang='lat' dir='ltr'>antiquar</span> <span class='ocrx_word' id='word_1_193' title='bbox 498 2879 657 2937; x_wconf 85' lang='lat' dir='ltr'>reseruntur</span> <span class='ocrx_word' id='word_1_194' title='bbox 669 2879 838 2956; x_wconf 77' lang='lat' dir='ltr'>relligiones,</span> <span class='ocrx_word' id='word_1_195' title='bbox 910 2949 912 2952; x_wconf 84' lang='lat'>.</span> 
     </span>
    </p>

    <p class='ocr_par' dir='ltr' id='par_1_30' title="bbox 201 2959 852 3036">
     <span class='ocr_line' id='line_1_32' title="bbox 201 2959 852 3036; baseline 0.002 -20"><span class='ocrx_word' id='word_1_196' title='bbox 201 2961 235 3016; x_wconf 84' lang='lat' dir='ltr'>Et</span> <span class='ocrx_word' id='word_1_197' title='bbox 247 2961 380 3018; x_wconf 89' lang='lat' dir='ltr'>dominos</span> <span class='ocrx_word' id='word_1_198' title='bbox 390 2960 473 3017; x_wconf 81' lang='lat' dir='ltr'>aereis</span> <span class='ocrx_word' id='word_1_199' title='bbox 487 2959 651 3026; x_wconf 79' lang='lat' dir='ltr'>adsciscunt,</span> <span class='ocrx_word' id='word_1_200' title='bbox 666 2962 763 3016; x_wconf 83' lang='lat' dir='ltr'>omnia</span> <span class='ocrx_word' id='word_1_201' title='bbox 778 2960 852 3036; x_wconf 84' lang='lat' dir='ltr'>posse</span> 
     </span>
    </p>

    <p class='ocr_par' dir='ltr' id='par_1_31' title="bbox 203 3039 887 3118">
     <span class='ocr_line' id='line_1_33' title="bbox 203 3039 887 3118; baseline 0.001 -23"><span class='ocrx_word' id='word_1_202' title='bbox 203 3043 282 3118; x_wconf 71' lang='lat' dir='ltr'>Quos</span> <span class='ocrx_word' id='word_1_203' title='bbox 296 3039 386 3096; x_wconf 87' lang='lat' dir='ltr'>miseri</span> <span class='ocrx_word' id='word_1_204' title='bbox 400 3040 527 3104; x_wconf 78' lang='lat' dir='ltr'>credunt,</span> <span class='ocrx_word' id='word_1_205' title='bbox 542 3039 633 3116; x_wconf 80' lang='lat' dir='ltr'>ignari</span> <span class='ocrx_word' id='word_1_206' title='bbox 647 3041 718 3115; x_wconf 91' lang='lat' dir='ltr'>quid</span> <span class='ocrx_word' id='word_1_207' title='bbox 731 3055 812 3115; x_wconf 86' lang='lat' dir='ltr'>queat</span> <span class='ocrx_word' id='word_1_208' title='bbox 825 3041 887 3108; x_wconf 85' lang='lat' dir='ltr'>else,</span> 
     </span>
    </p>

    <p class='ocr_par' dir='ltr' id='par_1_32' title="bbox 202 3118 934 3198">
     <span class='ocr_line' id='line_1_34' title="bbox 202 3118 934 3198; baseline 0.005 -21"><span class='ocrx_word' id='word_1_209' title='bbox 202 3121 284 3197; x_wconf 80' lang='lat' dir='ltr'>Quid</span> <span class='ocrx_word' id='word_1_210' title='bbox 299 3135 432 3195; x_wconf 83' lang='lat' dir='ltr'>nequeat·</span> <span class='ocrx_word' id='word_1_211' title='bbox 459 3120 537 3177; x_wconf 87' lang='lat' dir='ltr'>finita</span> <span class='ocrx_word' id='word_1_212' title='bbox 551 3140 588 3197; x_wconf 94' lang='lat' dir='ltr'>po</span> <span class='ocrx_word' id='word_1_213' title='bbox 594 3119 667 3176; x_wconf 83' lang='lat' dir='ltr'>tellas</span> <span class='ocrx_word' id='word_1_214' title='bbox 676 3118 797 3194; x_wconf 87' lang='lat' dir='ltr'>denique</span> <span class='ocrx_word' id='word_1_215' title='bbox 810 3123 934 3198; x_wconf 89' lang='lat' dir='ltr'>quoique</span> 
     </span>
    </p>

    <p class='ocr_par' dir='ltr' id='par_1_33' title="bbox 202 3198 981 3359">
     <span class='ocr_line' id='line_1_35' title="bbox 202 3198 947 3279; baseline 0.005 -22"><span class='ocrx_word' id='word_1_216' title='bbox 202 3204 332 3279; x_wconf 72' lang='lat' dir='ltr'>Quanam</span> <span class='ocrx_word' id='word_1_217' title='bbox 347 3201 377 3256; x_wconf 81' lang='lat' dir='ltr'>fit</span> <span class='ocrx_word' id='word_1_218' title='bbox 390 3201 506 3267; x_wconf 76' lang='lat' dir='ltr'>ratione,</span> <span class='ocrx_word' id='word_1_219' title='bbox 522 3216 604 3275; x_wconf 87' lang='lat' dir='ltr'>atque</span> <span class='ocrx_word' id='word_1_220' title='bbox 616 3202 669 3256; x_wconf 84' lang='lat' dir='ltr'>alte</span> <span class='ocrx_word' id='word_1_221' title='bbox 684 3199 819 3256; x_wconf 85' lang='lat' dir='ltr'>terminus</span> <span class='ocrx_word' id='word_1_222' title='bbox 831 3198 947 3261; x_wconf 83' lang='lat' dir='ltr'>haerenr.</span> 
     </span>
     <span class='ocr_line' id='line_1_36' title="bbox 216 3279 981 3359; baseline 0.005 -22.158"><span class='ocrx_word' id='word_1_223' title='bbox 216 3281 334 3359; x_wconf 72' lang='lat' dir='ltr'>Quod</span> <span class='ocrx_word' id='word_1_224' title='bbox 344 3279 472 3357; x_wconf 84' lang='lat' dir='ltr'>superest</span> <span class='ocrx_word' id='word_1_225' title='bbox 479 3295 546 3336; x_wconf 88' lang='lat' dir='ltr'>nete</span> <span class='ocrx_word' id='word_1_226' title='bbox 556 3302 586 3336; x_wconf 86' lang='grc' dir='ltr'>ιιι</span> <span class='ocrx_word' id='word_1_227' title='bbox 596 3279 732 3356; x_wconf 78' lang='lat' dir='ltr'>promrffis</span> <span class='ocrx_word' id='word_1_228' title='bbox 741 3281 981 3354; x_wconf 79' lang='lat' dir='ltr'>plurnmoremur.</span> 
     </span>
    </p>

    <p class='ocr_par' dir='ltr' id='par_1_34' title="bbox 200 3360 887 3439">
     <span class='ocr_line' id='line_1_37' title="bbox 200 3360 887 3439; baseline -0.006 -19"><span class='ocrx_word' id='word_1_229' title='bbox 200 3362 360 3439; x_wconf 77' lang='lat' dir='ltr'>Principio,</span> <span class='ocrx_word' id='word_1_230' title='bbox 375 3362 503 3419; x_wconf 76' lang='lat' dir='ltr'>marinae</span> <span class='ocrx_word' id='word_1_231' title='bbox 518 3377 613 3429; x_wconf 84' lang='lat' dir='ltr'>terras,</span> <span class='ocrx_word' id='word_1_232' title='bbox 628 3360 781 3435; x_wconf 85' lang='lat' dir='ltr'>coelumque</span> <span class='ocrx_word' id='word_1_233' title='bbox 796 3373 887 3418; x_wconf 81' lang='lat' dir='ltr'>tuere:</span> 
     </span>
    </p>

    <p class='ocr_par' dir='ltr' id='par_1_35' title="bbox 871 3441 1008 3498">
     <span class='ocr_line' id='line_1_38' title="bbox 871 3441 1008 3498; baseline -0.022 0"><span class='ocrx_word' id='word_1_234' title='bbox 871 3441 1008 3498; x_wconf 58' lang='lat' dir='ltr'>ilerum</span> 
     </span>
    </p>
   </div>
   <div class='ocr_carea' id='block_1_3' title="bbox 0 0 1193 3875">
    <p class='ocr_par' dir='ltr' id='par_1_36' title="bbox 0 0 1193 3875">
     <span class='ocr_line' id='line_1_39' title="bbox 0 0 1193 3875; baseline 0 0"><span class='ocrx_word' id='word_1_235' title='bbox 0 0 1193 3875; x_wconf 95' lang='lat' dir='ltr'> </span> 
     </span>
    </p>
   </div>
  </div>
 </body>
</html>
