2359 3875
199 458 245 532 34
327 447 335 460 ··
387 389 866 501 inruonrrm

198 560 314 616 Gratius
327 556 470 614 interdum
484 572 572 627 neque
586 566 685 608 natura
698 549 755 626 ipsa
770 545 899 622 requirit.

197 642 226 697 si
241 659 298 696 non
313 657 394 695 aurea
407 636 468 691 lunt
476 636 615 711 juvenum
629 633 772 686 fimulacra
785 648 835 704 per
848 623 929 681 aedeis

197 719 354 795 Lampadas
369 714 499 796 igniferas
514 714 642 769 manibus
658 711 805 767 retinentia
818 703 937 768 dextris,

197 797 322 874 Lumina
333 796 478 854 noslumis
496 795 587 870 epulis
601 807 632 847 ut
647 790 880 867 suppeditentur3
910 792 920 819 ⁸

197 880 258 935 Nec
271 871 371 936 domus
383 869 495 952 argento
509 874 607 949 fulget,
623 891 747 945 auroque
762 868 887 933 renidet3

196 960 257 1016 Nec
267 958 380 1015 citharis
395 959 510 1012 reboant
523 957 647 1027 laqueata
660 966 808 1023 aurataque
821 948 938 1023 templa:

198 1038 331 1095 Attamen
344 1039 419 1094 inter
433 1035 461 1097 se
472 1034 599 1111 prostrati
614 1033 644 1089 in
658 1032 783 1106 gramine
797 1029 889 1095 molli,

199 1118 321 1195 Propter
334 1139 411 1193 aquae
425 1116 531 1181 rivum,
547 1115 597 1170 sub
611 1114 695 1169 ramis
708 1113 815 1167 arboris
829 1112 900 1174 altae,

200 1200 267 1255 Non
282 1199 390 1276 magnis
404 1198 507 1273 opibus
514 1194 772 1272 jucundecorpora
786 1203 900 1269 curant3

199 1279 353 1335 Praesertim
366 1287 431 1333 cum
447 1276 590 1352 tempestas
604 1273 717 1337 affirm,
732 1286 758 1328 et
773 1274 840 1328 anni

198 1360 339 1435 Tempora
352 1358 538 1433 conspergunt
552 1354 716 1411 viridanteis
730 1353 845 1408 floribus
859 1349 945 1408 herba

132 1431 135 1436 ’
199 1440 258 1495 Nec
271 1440 364 1495 calidae
378 1439 459 1494 citius
471 1437 610 1492 decedunt
623 1453 738 1508 corpore
752 1433 849 1499 febres,

197 1519 359 1575 Textilibns
373 1519 391 1572 sr
404 1513 435 1570 in
450 1514 578 1589 pislu'ris,
593 1514 718 1587 ollroque
729 1514 840 1568 rubenti

193 1597 424 1671 jassarinquam
438 1595 456 1649 ss
471 1594 578 1669 plebeia
592 1594 623 1648 in
637 1593 707 1648 velle
720 1590 903 1649 cubandu'st:

244 1680 429 1755 Quapropter
436 1676 570 1752 quoniam
581 1675 622 1729 nil
632 1672 727 1747 nostro
738 1674 767 1728 in
778 1693 895 1748 corpore
906 1694 947 1749 gar

200 1757 367 1822 Proficiunt,
383 1775 471 1831 neque
484 1756 626 1821 nobilitas,
640 1771 729 1827 neque
742 1755 830 1828 gloria
845 1757 939 1830 regni:

202 1832 946 1914 Quodsuperest,animoquoquenilprodesseputandu

200 1918 229 1976 Si
243 1938 302 1975 non
322 1916 391 1974 forte
404 1931 462 1973 tuas
476 1916 598 1992 legiones
610 1935 661 1991 per
673 1916 733 1972 loca
746 1916 839 1991 campi

201 2000 316 2056 fervere
330 2019 395 2056 cum
408 1999 512 2064 videas,
525 1997 591 2052 belli
606 1997 747 2052 fimulacra
758 1997 886 2061 cienteist

199 2081 313 2136 Fervere
323 2076 391 2135 ‘cum
405 2079 495 2134 videas
509 2075 625 2142 classem,
646 2078 753 2150 lateque
768 2078 881 2152 vagari·,

199 2159 254 2214 His
269 2160 319 2215 tibi
335 2175 393 2216 tum
405 2161 485 2214 rebus
499 2157 641 2212 timesaclae
656 2157 826 2232 Relligiones

201 2237 354 2314 Effuginnt
363 2241 458 2294 animo
469 2238 588 2312 pavidae,
604 2236 755 2311 mortisque
769 2239 899 2294 timores:

199 2317 275 2375 Tum
290 2336 409 2374 vacnum
424 2317 516 2393 peslus
530 2318 673 2392 linquunt,
690 2337 811 2391 curaque
825 2317 946 2376 solutum

247 2398 333 2472 Quod
347 2398 364 2452 fi
380 2398 497 2453 ridicula
508 2394 576 2461 haec,
594 2396 772 2472 ludibriaque
782 2394 831 2452 elle
842 2399 946 2456 videmr

199 2479 243 2535 Re
256 2497 374 2552 veraque
387 2493 475 2532 metus
489 2475 648 2542 hominum,
665 2497 790 2551 curaeque
802 2477 939 2551 sequaces,

198 2559 258 2615 Nec
272 2572 400 2613 metuunt
413 2557 519 2613 sonitus
531 2576 685 2622 armorum,
700 2577 750 2611 nec
765 2556 820 2612 sera
835 2560 905 2624 tela;

199 2636 392 2712 Audaslerque
404 2638 477 2693 inter
491 2639 590 2712 Reges,
606 2656 751 2711 rerumque
765 2640 901 2711 potenteis

198 2717 367 2783 Versantur3
385 2738 475 2793 neque
487 2716 624 2792 fulgorem
638 2733 798 2771 reverentur
810 2718 843 2772 ab
853 2739 933 2786 auro,

197 2798 256 2853 Nec
270 2799 376 2853 clarum
390 2797 468 2852 vellis
483 2796 656 2870 splendorem
670 2798 840 2871 purpureui:

202 2876 414 2953 Quiddnbitas,
430 2877 500 2951 quin
512 2895 596 2930 omne
611 2874 706 2932 sithoc
721 2877 836 2932 rationis
848 2880 945 2954 egestas

201 2955 306 3012 Omnis
320 2976 384 3011 cum
397 2957 426 3010 in
441 2956 559 3011 tenebris
569 2956 721 3031 praesertinr
734 2957 791 3011 vita
804 2958 929 3016 laboret?

242 3038 315 3091 Nam
328 3037 414 3090 veluti
428 3036 506 3110 pueri
521 3037 672 3112 trepidant,
689 3039 871 3110 atqueomnia
885 3043 946 3097 caeci

200 3117 236 3170 In
252 3116 369 3171 tenebris
385 3130 527 3171 metuunt:
545 3117 578 3173 sic
592 3137 643 3172 nos
656 3118 685 3170 in
698 3118 759 3171 luce
773 3118 903 3176 timemus

199 3194 348 3250 Interdum
362 3194 456 3251 nihilo
468 3216 529 3270 quae
544 3197 605 3253 sunt
618 3195 764 3250 metuendo
778 3198 876 3272 magis,
892 3221 945 3275 qua

199 3277 274 3350 Quae
288 3276 370 3348 pueri
380 3276 410 3331 in
422 3276 540 3332 tenebris
549 3277 689 3351 pavitant,
699 3274 863 3350 linguntque
873 3280 945 3336 futur

201 3355 287 3412 Heme
300 3354 388 3431 igitur
402 3369 534 3412 terrorem
545 3354 645 3422 animi,
663 3356 836 3432 tenebrasque
849 3361 945 3416 necellt
