2359 3875
319 451 521 523 11111
563 447 822 523 surreie.
904 477 969 546 207

191 584 247 640 Hie
261 585 358 660 igitur,
375 589 488 660 penitus
501 586 551 659 qui
567 586 595 640 in
607 581 713 641 serro'st
726 584 837 642 abditus
852 602 909 650 aer,

193 665 319 722 Sollicito
330 682 409 722 motu
420 665 524 741 semper
532 666 661 742 jaslatur‚
675 685 763 740 eoque

191 744 328 800 Verberat
340 748 482 802 annellum
496 747 584 801 dubio
600 746 710 821 procul,
726 758 753 799 et
763 745 816 799 ciet
828 744 904 799 intur

190 823 310 891 Scilicet,
328 842 411 900 atque
424 825 519 881 eodem
532 825 631 890 fertur,
647 844 703 899 quo
719 824 904 899 precipitavit

183 906 250 976 Jam
264 906 356 970 semel,
373 921 399 960 et
409 926 578 980 quamquam
587 907 617 960 in
628 918 733 980 partem
743 905 888 960 conamina
898 900 971 960 sum·

319 986 361 1040 lit.

233 1065 277 1121 Fit
290 1085 402 1142 quoque
416 1078 446 1120 ut
460 1086 474 1121 a
489 1065 579 1141 lapide
593 1063 644 1120 ltoc
658 1064 725 1121 serri
739 1080 836 1121 natura
851 1062 957 1119 recedat

188 1144 347 1211 Interdum,
364 1145 466 1220 sugere,
483 1160 563 1218 atque
578 1145 651 1220 sequi
662 1145 789 1202 consueta
802 1143 934 1201 viciffim.

190 1224 334 1280 Exsultare
348 1228 429 1281 etiam
443 1224 629 1280 Samothracia
640 1225 723 1281 serrea
733 1226 804 1290 vidi,

188 1305 224 1359 Et
238 1319 358 1360 ramenta
372 1306 450 1361 simul
463 1304 528 1361 ferri
542 1304 633 1360 furere
647 1307 722 1361 intus
735 1303 831 1361 ahenis

195 1386 230 1440 ln
245 1385 383 1460 scaphiis,
400 1388 469 1461 lapis
483 1384 528 1440 hic
543 1386 658 1460 Magnes
672 1406 736 1440 cum
752 1383 876 1440 subditus
889 1381 966 1439 essett

189 1465 350 1540 Usqneadco
363 1464 457 1540 sugere
471 1487 485 1520 a
500 1466 561 1520 saxo
575 1464 670 1540 gestire
684 1465 807 1521 videtur.

189 1547 251 1601 AEre
265 1545 426 1621 interposito
440 1544 574 1601 discordia
589 1560 661 1601 tanta
675 1561 794 1611 creatur,

189 1627 351 1701 Propterea,
367 1625 434 1698 quia
447 1627 587 1681 nimirum
603 1625 681 1702 prins
695 1624 770 1682 allus
783 1625 832 1682 ubi
846 1625 907 1682 atris

189 1707 334 1781 Praecepit,
351 1705 473 1780 ferrique
486 1706 543 1761 rias
558 1705 676 1782 possedit
689 1720 811 1783 apertam

187 1785 328 1842 Posterior
341 1785 442 1860 lapidis
456 1786 533 1842 venit
548 1787 635 1851 aeslus,
651 1802 677 1842 et
690 1788 784 1843 omnia
799 1788 880 1863 plena

190 1867 304 1922 Invenit
317 1865 446 1921 inferro:
470 1887 558 1941 neque
573 1866 654 1923 habet
668 1888 723 1942 qua
736 1882 835 1934 tranet,
852 1882 883 1924 ut
894 1881 967 1924 ante.

189 1947 309 2023 Cogitur
323 1945 454 2003 offensare
468 1948 565 2023 igitur,
583 1949 745 2022 pulsareque
759 1947 844 2004 sluslu

188 2029 285 2084 Ferrea
299 2042 371 2083 texta
385 2027 452 2092 suo;
478 2048 534 2101 quo
549 2028 628 2102 padlo
642 2027 747 2102 respuit
761 2028 795 2083 ab
811 2028 846 2092 se,

186 2111 282 2182 Atque
298 2129 346 2183 per
360 2110 502 2182 restagnat,
518 2108 571 2162 line
584 2126 616 2163 eo
629 2126 688 2180 quae
702 2107 771 2183 soepe
786 2106 914 2163 resorbet.

231 2189 307 2244 lllud
322 2189 350 2243 in
366 2187 409 2242 his
425 2190 505 2243 rebus
519 2189 616 2243 mirari
632 2189 719 2251 mitte,
736 2186 811 2262 quod
826 2185 903 2242 aeslns

188 2269 255 2323 Non
270 2271 340 2323 valet
353 2288 367 2322 e
382 2267 475 2343 lapide
489 2266 540 2323 hoc
555 2270 622 2323 alias
636 2269 780 2342 impellere
793 2266 862 2322 item
877 2287 933 2325 res:

187 2348 314 2404 Pondere
320 2348 393 2403 enim
401 2346 474 2402 fretae
486 2349 585 2423 partim
594 2347 671 2414 stant,
681 2347 756 2422 quod
764 2366 848 2424 genus
855 2367 966 2405 aurum:

187 2432 231 2484 Ac
246 2429 349 2504 partim
365 2447 425 2484 raro
439 2430 504 2503 quia
517 2428 653 2484 sunteum
665 2447 794 2503 corpore,
808 2443 838 2483 ut
852 2426 928 2485 astus

187 2511 314 2564 Pervolet
328 2507 457 2573 intullns,
475 2524 616 2584 nequeunt
630 2508 773 2582 impellier
784 2508 916 2580 usquam3

189 2589 293 2665 Lignea
307 2589 432 2643 materies
447 2590 476 2643 in
491 2608 547 2661 quo
562 2606 659 2662 genere
673 2587 724 2643 else
738 2588 861 2643 videtur.

189 2672 267 2723 liner
277 2668 403 2742 utrasque
415 2668 503 2743 igitur
515 2666 580 2723 ferri
595 2682 695 2722 natura
709 2669 805 2733 locata,

186 2748 258 2805 AEris
272 2749 321 2804 ubi
332 2749 438 2824 accepit
453 2748 577 2823 quaedam
593 2747 774 2822 corpuscula3
800 2760 860 2804 tum
874 2749 916 2818 fit,

190 2830 343 2905 impellant
358 2843 387 2882 ut
402 2848 461 2882 earn
475 2827 608 2903 Magnesii
623 2827 725 2884 semina
738 2827 803 2883 l'axi.

234 2911 290 2965 Nec
306 2925 395 2963 tamen
406 2906 460 2963 haec
472 2909 510 2963 ita
526 2907 588 2963 sunt
602 2907 721 2963 aliarum
736 2927 829 2964 rerum
843 2908 944 2976 aliena,

189 2989 230 3045 Ut
242 2987 312 3045 milti
324 2989 410 3043 multa
421 3008 521 3064 parum
533 3005 632 3062 genere
642 3007 676 3042 ex
686 2986 738 3043 hoc
748 2987 972 3065 suppeditentur,

189 3072 262 3144 Quae
278 3088 431 3125 memorare
444 3087 544 3144 queam
557 3067 631 3123 iuter
645 3067 668 3123 se
683 3067 834 3143 singlariter
851 3084 931 3146 apta.

186 3151 259 3205 Saxa
274 3148 350 3205 vides
364 3149 488 3223 primum
503 3147 556 3203 sola
570 3148 719 3204 rooleseere
732 3148 820 3203 calce:

183 3230 300 3285 Glutine
313 3229 439 3284 materies
453 3227 563 3283 taurino
576 3228 613 3283 ita
623 3227 753 3303 jungitur
767 3247 834 3295 una,

187 3309 227 3366 Ut
240 3309 309 3366 vitio
322 3327 397 3365 venae
411 3308 568 3364 tabularum
581 3307 680 3382 sepius
694 3306 809 3371 hiscant.

186 3390 282 3467 Qum
296 3390 386 3447 laxare
397 3402 499 3467 queant
513 3406 658 3468 compages
673 3402 765 3448 taurea
776 3389 885 3453 1111111.

855 3464 1014 3542 witigem

571 3552 583 3577 Ο
