2359 3875
207 456 273 527 144
364 430 831 503 rrucnrrrr

203 562 360 639 sicigitur,
375 562 470 627 solem,
485 562 591 627 lunam,
607 561 746 635 stellasque
757 558 915 637 putandum
973 611 975 615 .

203 642 248 699 Ex
260 643 315 699 alio
328 657 407 717 atque
421 642 479 701 alio
491 644 581 698 lucem
591 640 694 718 jadcre
708 642 832 706 subortu,
966 691 971 700 .

202 724 238 778 Et
251 723 375 798 primurn
388 722 523 797 quicquid
538 722 661 778 flammai
676 719 789 797 perdere
800 721 925 797 semper;

201 802 384 857 inviolabilia
397 800 453 858 haec
467 821 502 855 ne
516 800 609 857 credas
622 800 693 857 sorte
706 801 808 876 vigere.

246 881 375 955 Denique
384 880 554 956 non-lapides
563 879 758 956 quoquevinci
766 879 854 938 cernis
864 880 900 937 ab
909 878 998 936 evo?-

203 962 272 1017 Non
284 962 350 1017 ultas
360 960 461 1017 turreis
475 979 563 1026 ruere,
575 975 603 1016 ct
616 959 770 1036 putrescere
782 959 861 1015 saxa?

202 1042 268 1097 Non
281 1039 397 1098 delubra
409 1039 503 1107 deum,
518 1041 713 1114 fimulocraque
726 1038 790 1097 fessa
802 1038 911 1096 fatisci?

201 1122 260 1175 Ncc
273 1120 393 1177 sanctum
407 1138 513 1178 numen
526 1119 576 1176 sati
590 1122 741 1197 protollere
755 1120 834 1177 fineis

153 1219 156 1225 ·
200 1198 303 1257 Posse?
315 1220 405 1273 neque
416 1201 544 1257 adversus
556 1214 662 1255 naturae
674 1198 777 1255 soedera
787 1198 863 1255 niti?
996 1255 998 1260 ,

199 1280 331 1356 Denique
344 1300 402 1337 nou
411 1294 591 1340 monumenta
604 1281 699 1336 virum
712 1279 816 1355 dilapsa
826 1279 956 1337 videmus
993 1337 996 1342 ,

201 1361 307 1417 Cedere
318 1380 471 1437 proporro,
488 1360 633 1436 subitoque
643 1358 775 1416 senescere
788 1358 874 1416 casu?

200 1441 267 1498 Non
282 1450 361 1497 ruere
372 1440 479 1497 avolsos
492 1440 575 1496 filices
587 1460 603 1495 a
613 1440 756 1505 montibus
768 1440 841 1505 altis,

200 1520 259 1575 Nec
270 1521 375 1576 validas
387 1521 438 1577 aevi
452 1518 536 1576 vireis
549 1518 683 1595 perferre,
699 1518 812 1597 patique

200 1603 222 1655 F
224 1599 313 1655 initi?
324 1619 413 1674 neque
425 1600 501 1656 enim
513 1600 643 1655 caderent
654 1599 746 1655 avolsa
759 1614 882 1673 repente,

200 1680 245 1737 Ex
255 1679 370 1737 infinito
382 1698 443 1753 quae
458 1693 583 1755 tempore
594 1677 800 1754 pertolerassent

203 1760 312 1818 Omnia
326 1773 461 1815 tormenta
474 1758 559 1814 aetatir
571 1760 682 1834 privata
693 1758 815 1835 fragore.

242 1840 373 1913 Denique
379 1840 439 1915 jam
454 1854 529 1897 tuere
542 1838 596 1895 hoc
610 1839 727 1906 circum,
742 1840 891 1918 supraque,
906 1845 984 1921 quod

282 1940 395 1977 omnem

200 2003 335 2059 Continet
348 2003 480 2077 amplexu
495 2015 594 2057 terram
605 2023 613 2067 ς
629 2002 705 2076 quod
718 2018 847 2079 procreat
858 2024 892 2062 ex
903 2005 929 2062 se
992 2054 996 2063 .

201 2084 321 2147 Omnia,
342 2081 420 2155 quod
440 2081 554 2155 quidam
574 2097 739 2149 memorent,
762 2083 916 2161 recipitque
935 2080 984 2162 pe-

281 2176 379 2218 remta:

198 2243 306 2299 Totum
320 2242 447 2297 nativum
461 2243 573 2298 mortali
586 2262 704 2318 corpore
716 2245 832 2303 constat.
903 2303 905 2309 ,

199 2323 271 2378 Nam
285 2320 473 2396 quodcunque
484 2321 551 2377 aliar
564 2341 599 2376 ex
611 2323 688 2380 seres
700 2341 792 2400 auget,
807 2325 924 2404 alitque,

198 2400 335 2458 Deminui
348 2399 441 2464 debet,
457 2401 573 2457 recreari
586 2421 652 2458 curn
665 2404 765 2478 recipit
777 2426 831 2464 res.

198 2482 343 2546 Praeterea,
354 2479 374 2534 fi
387 2481 465 2537 nulla
477 2480 531 2537 suit
542 2482 669 2556 genitalis
682 2483 763 2560 origo

196 2560 225 2618 T
225 2561 297 2617 errai
311 2575 339 2617 et
352 2559 424 2627 coeli,
436 2559 599 2637 semperque
609 2562 812 2626 eternasuere:

197 2642 260 2698 Cur
272 2640 371 2717 supera
385 2640 488 2699 bellum
499 2638 679 2710 Thebanum,
691 2657 718 2698 et
731 2641 829 2701 sunere
840 2644 943 2724 Trojae‚

196 2723 264 2779 Nou
278 2722 344 2778 alias
357 2721 406 2777 alii
419 2739 533 2796 quoqne
546 2741 587 2777 res
601 2722 724 2779 cecinere
737 2723 846 2799 poete?

197 2805 269 2878 Quo
283 2816 323 2859 tot
334 2798 400 2857 sacia
413 2801 507 2858 virum
518 2802 598 2857 toties
611 2801 755 2864 cecidere?
764 2823 815 2863 uec
824 2803 939 2882 usquam

198 2881 317 2939 AEternic
329 2879 701 2957 fame-monumentisinsita
714 2882 836 2956 florent?

198 2961 319 3027 Verum,
341 2974 375 3014 ut
394 2961 509 3036 opinor,
532 2957 615 3017 habet
633 2962 784 3020 novitatem
806 2963 925 3034 summu,
940 2987 980 3024 re-

276 3039 393 3114 ccnsque

197 3114 335 3177 Natura'st
348 3119 467 3185 mundi„
476 3139 564 3196 neque
578 3121 690 3198 pridem
703 3123 817 3181 exordia
830 3126 917 3202 cepit.
995 3176 999 3187 ‚

198 3204 296 3277 Quare
308 3201 390 3256 etiam
404 3200 532 3275 quaedam
542 3222 619 3258 nnnc
633 3215 702 3260 artes
711 3204 905 3280 expoliuntur,
932 3260 940 3277 „

197 3283 282 3338 Nunc
295 3279 379 3336 etiam
387 3279 551 3356 augescunt,
568 3301 643 3338 nunc
656 3282 738 3339 addia
750 3283 874 3361 navigiis
885 3286 951 3345 sunt

195 3362 306 3430 Multr;
324 3359 410 3425 modo
423 3360 547 3437 organici
561 3363 674 3420 melicos
688 3382 818 3440 peperere
830 3365 956 3500 sqporer.

876 3465 977 3523 eoique
