2359 3875
741 287 766 342 Χ

269 401 453 473 rruru
492 400 857 476 SECUNDUS.
934 427 977 495 35

231 524 275 582 Nun
285 530 347 586 radii
363 531 437 594 solis,
451 551 542 606 neque
554 532 647 590 lucida
661 529 712 590 tela
724 532 780 589 diei

229 603 360 677 Discutiunt,
376 611 421 668 sed
435 627 541 668 naturae
554 613 666 689 species,
682 615 819 688 ratioque.

254 688 320 746 Nunc
332 713 390 769 age,
406 712 464 768 quo
480 708 558 750 motu
573 693 773 751 Grurrnrurt
792 690 917 746 materiai

226 762 351 828 CORPORA
363 793 406 828 res
417 763 639 850 varias'gignant,
655 774 813 850 genitasque
823 769 973 837 resolvant;

225 843 295 921 Esqua
306 852 332 907 vi
346 851 434 908 lacere
447 852 478 907 id
488 868 639 929 cogantur3
663 873 759 927 quaeve
772 853 803 908 fir
815 850 882 906 ollis

224 923 312 986 Reddita
324 933 466 989 mobilitas
479 952 613 1008 maguum
628 954 677 1008 per
693 934 780 989 Inane
794 929 933 993 meandi„

223 1003 343 1082 Erpediam
355 1033 362 1068 ι
387 1028 418 1068 tu
429 1027 454 1067 te
466 1010 547 1068 dinis
558 1014 679 1088 praebere
691 1027 843 1070 memento.

248 1087 306 1146 Nam
318 1107 388 1148 certe
401 1112 461 1149 non
475 1091 550 1148 inter
562 1092 588 1147 se
601 1092 699 1169 lliputa
712 1091 829 1149 cohaeret

219 1162 331 1228 Materies:
355 1172 494 1247 quoniam
508 1171 599 1228 minui
612 1192 668 1228 rem
680 1190 819 1249 quamque
829 1168 970 1235 videmus3

217 1242 241 1299 Εἰ
249 1253 310 1323 quali
323 1253 481 1329 longinquo
495 1251 579 1309 fluere
592 1256 685 1308 omnia
697 1252 836 1309 ce'rnirnus
850 1268 920 1313 aevn,

214 1322 244 1381 Ex
251 1331 381 1408 oculisque
391 1332 554 1388 vetustatem
568 1331 717 1389 subducere
727 1330 825 1388 nostris
835 1348 842 1382 τ

213 1404 267 1466 Cum
279 1426 369 1470 tamen
384 1412 538 1469 incolumis
548 1412 673 1468 videatur
686 1412 793 1469 summa
806 1426 927 1464 manere.

210 1482 336 1567 Propterea
349 1494 428 1567 quia,
443 1512 503 1567 quae
513 1491 648 1552 decedunt
663 1511 780 1568 corpora
795 1490 907 1564 cuique,

210 1561 274 1629 Unde
283 1575 395 1639 abeunt,
411 1573 560 1629 minuunt:
583 1591 641 1648 quo
652 1592 761 1639 venere,
777 1567 907 1647 augmine
919 1566 969 1624 de-

311 1670 396 1711 nant:

205 1724 244 1787 Illa
255 1733 395 1802 senescere,
410 1751 438 1792 at
448 1734 504 1792 haec
518 1749 613 1792 contra
627 1735 766 1796 florescere
779 1744 894 1811 cogunt.

202 1806 247 1868 Nec
256 1830 430 1873 remorantur
439 1816 497 1873 ibi:
523 1816 557 1872 lic
571 1809 664 1873 renim
677 1816 782 1872 summa
794 1828 915 1871 novatur

200 1889 308 1972 Semper,
320 1911 347 1953 et
357 1897 433 1954 inter
445 1896 470 1952 le
479 1897 607 1953 mortales
620 1911 719 1953 mutua
732 1896 842 1953 vivunt.

197 1971 347 2051 Augescuut
358 1976 419 2041 aliz,
433 1993 535 2053 gentes,
551 1977 612 2033 aliae
627 1979 811 2033 minuuntur:

197 2052 276 2130 Inque
289 2058 369 2113 brevi
384 2057 470 2133 spatio
481 2072 624 2114 mutantur
638 2057 711 2113 saecla
724 2058 913 2117 aninuantumr

195 2133 232 2202 Et,
246 2138 319 2212 quali
334 2138 467 2203 cursores,
477 2137 544 2193 vitai
558 2138 689 2213 lampada
704 2137 828 2194 tradunt.

228 2217 256 2273 si
265 2217 363 2275 collare
379 2232 459 2294 putas
472 2237 565 2273 rerum
577 2217 737 2294 primordia
751 2217 836 2293 polle,

192 2294 375 2371 Ceffandoque
397 2316 485 2353 novos
497 2317 591 2354 rerum
603 2298 768 2374 progignere
782 2313 891 2358 motus:

190 2375 276 2433 Arius
288 2399 306 2432 a
315 2397 381 2435 vera
390 2380 472 2452 longe
482 2376 591 2435 ratione
605 2378 725 2453 vagaris.

189 2456 268 2525 Nam,
280 2457 416 2534 quoniam
426 2457 561 2533 perinane
568 2473 715 2533 vagantur,
727 2457 823 2515 cundla
833 2458 967 2519 neceffe'st

188 2537 244 2594 Aut
257 2540 394 2614 gravitate
405 2537 448 2594 sui
460 2536 526 2593 ferri
536 2537 693 2612 primordia
704 2557 806 2606 rerum,

188 2618 311 2674 Autidlu
320 2617 390 2675 forte
402 2618 529 2674 alterius:
551 2637 620 2673 nam
633 2617 686 2673 cita
700 2616 817 2694 superne

188 2696 281 2754 Obvia
293 2718 360 2755 curn
372 2698 480 2763 flixere‚
496 2697 539 2763 fit,
550 2710 583 2752 ut
593 2696 698 2753 diversa
708 2714 821 2773 repente

186 2777 338 2835 Diffitianr:
363 2797 452 2853 neque
465 2777 538 2833 enirn
548 2778 665 2844 mirum,
676 2776 820 2836 durilluma
830 2800 890 2854 quae
904 2783 966 2854 sunt,

186 2858 357 2916 Ponderibus
371 2857 474 2922 solidis,
486 2876 576 2932 neque
586 2857 737 2933 quiequam
751 2879 766 2913 a
777 2861 859 2936 tergis
867 2863 965 2922 obllet.

226 2939 262 2994 Et
275 2958 333 3015 quo
341 2936 439 3014 jadlari
451 2938 539 3013 magis
552 2937 648 2993 omnia
660 2937 790 2993 Materiai

185 3018 315 3095 Corpora
326 3018 481 3094 pervideas,
498 3017 671 3073 reminiscere
686 3018 870 3079 totiusimum

184 3099 233 3155 Nil
243 3097 295 3155 elle
309 3100 340 3157 in
353 3097 473 3154 summa:
489 3117 579 3173 neque
588 3096 687 3154 habere
698 3096 746 3152 ubi
754 3118 871 3176 corpora
879 3107 969 3181 prima

185 3177 353 3235 Conlissant:
368 3178 503 3253 quoniam
514 3176 633 3253 spatium
643 3177 695 3232 fine
703 3178 768 3244 fine,
784 3183 965 3260 modoque'll:

185 3257 411 3333 immensumque
423 3275 516 3334 patere
526 3261 556 3314 in
568 3256 679 3313 eundae
694 3257 820 3334 undique
834 3267 947 3339 parteis,

184 3338 316 3398 Pluribus
328 3339 443 3408 ostendi,
459 3355 485 3395 et
498 3353 570 3397 certa
583 3338 690 3399 ratione
704 3338 870 3412 probatu'st.

880 3422 970 3499 Qua
