2359 3875
196 441 263 540 ιιι
388 432 863 530 rrucnarrr

203 551 212 564 ’
241 561 293 621 Sed
304 562 439 619 tonitrum
452 561 484 619 fit
495 561 537 617 uti
550 561 611 638 post
623 563 737 619 auribus
749 564 931 637 accipiamus,

198 645 315 720 Fulgerc
323 661 407 718 quam
419 657 532 698 cernant
543 644 630 710 oculi,
646 643 712 717 quia
725 642 832 720 semper
843 643 879 699 ad
892 641 987 699 aureis

196 724 319 781 Tardius
331 722 497 789 adveniunt,
512 742 598 797 quam
608 722 697 780 visum
710 745 770 799 quae
779 739 910 785 moveant
925 742 982 780 rer.

198 804 234 860 Id
244 805 308 861 licet
320 797 386 858 binc
402 802 681 878 etiamcognoscere:
705 805 805 859 caedere
816 804 922 878 siquem

197 882 331 960 Ancipiti
345 883 439 939 videas
452 881 524 939 ferro
537 885 639 959 procul
650 883 756 940 arboris
767 883 886 948 austum,

197 964 275 1022 Ante
289 964 320 1019 fit
329 978 361 1019 ut
373 981 467 1018 cernas
480 962 578 1029 ictum,
594 984 678 1039 quam
688 966 770 1039 plaga
779 983 829 1039 per
840 964 933 1021 aurcis

198 1044 255 1100 Dct
268 1044 404 1098 sonitum:
429 1044 462 1098 fic
473 1041 610 1118 fulgorem
622 1062 733 1119 quoque
746 1045 887 1099 cernimur
899 1058 963 1099 ante

200 1126 297 1199 Quam
305 1123 446 1179 tonitrum
454 1124 616 1198 accipimus,
624 1124 781 1198 pariterqui
788 1124 913 1181 mittitur
921 1124 995 1200 igni,

200 1206 225 1264 Ε
239 1202 418 1279 similipausa,
431 1219 459 1257 et
470 1202 606 1260 concursu
617 1218 698 1259 natus
707 1203 819 1260 codem.

149 1354 156 1364 .
243 1285 305 1340 Hoc
318 1283 400 1338 ctiam
413 1282 493 1358 padio
508 1284 615 1340 volucri
629 1284 688 1339 loca
700 1284 807 1360 luminc
820 1283 935 1360 tingunt

201 1366 309 1431 Nubes,
323 1377 352 1425 et
359 1364 476 1419 tremulo
487 1362 626 1439 tempestas
634 1363 739 1439 impete
752 1361 846 1439 fulgit.
927 1398 934 1405 -ι

203 1445 316 1501 Ventus
325 1444 375 1499 ubi
388 1442 609 1515 invpbtnubem,
624 1458 651 1499 et
663 1443 782 1499 versatus
795 1443 903 1499 ibidem

204 1525 294 1588 Fecit,
306 1538 337 1579 ut
350 1537 423 1587 ante,
439 1522 544 1589 savam,
558 1522 653 1589 docui,
666 1522 817 1598 spissescere
829 1525 947 1589 nubem,

203 1603 363 1663 Mobilitate
374 1600 420 1657 sua
430 1600 569 1667 serviscit;
593 1617 625 1658 ut
636 1603 734 1659 omnia
746 1616 825 1660 motu

204 1679 629 1742 Percalesaslavidcsardcscerc:
653 1683 784 1757 plumbea
795 1701 863 1740 vero
911 1678 931 1698 ”

204 1764 294 1822 Glans
304 1762 387 1817 ctiam
398 1761 484 1837 longo
496 1762 576 1818 cursu
585 1762 722 1823 volvenda
733 1763 872 1837 liquescit.

205 1845 283 1920 Ergo
292 1840 415 1898 fervidus
427 1840 473 1897 hic
485 1843 588 1898 nubem
602 1862 666 1899 cum
680 1842 811 1918 perscidit
821 1859 923 1911 atram,

205 1922 337 1999 Dissupat
346 1921 451 1979 ardoris
460 1922 532 1997 quasi
544 1943 595 1998 per
607 1923 665 1979 vim
677 1922 802 1999 expressa
814 1941 927 2003 ‘repente

204 2004 328 2070 Semina,
340 2022 400 2078 qua
412 2001 517 2058 faciunt
530 2002 663 2060 nictantia
674 2001 785 2079 fulgura
797 2003 932 2063 flamma:

189 2136 191 2145 ‚
206 2085 279 2143 Inde
292 2085 374 2140 sonus
388 2083 519 2157 sequitur,
530 2083 580 2157 qui
590 2083 696 2139 tardius
705 2084 803 2140 adlicit
816 2086 918 2152 aureis,

207 2167 304 2242 Quam
317 2183 377 2236 qua
392 2162 561 2237 perveniunt
574 2164 669 2219 oculos
680 2162 716 2219 ad
726 2164 835 2220 lumina
848 2165 965 2222 nostros.
992 2168 994 2171 ’

203 2245 313 2303 Scilicet
322 2242 375 2298 hoc
384 2242 469 2297 densis
483 2243 514 2298 fit
523 2244 656 2309 nubibus,
672 2256 698 2298 et
711 2244 790 2301 fimul
804 2246 856 2302 alte

204 2321 354 2381 Exstruslis
363 2321 423 2377 aliis
435 2322 501 2377 alias
511 2321 593 2396 super
602 2323 705 2397 impete
714 2325 799 2380 miro.

248 2403 306 2458 Nec
321 2401 371 2457 tibi
381 2400 413 2456 fit
423 2399 526 2468 fraudi,
538 2402 614 2478 quod
628 2422 679 2459 nos
688 2401 796 2459 inferne
807 2403 937 2461 videmur

205 2483 300 2558 Quam
319 2481 433 2536 sintlata
445 2482 545 2558 tnagis,
566 2483 766 2558 quamlursum
779 2481 991 2560 exstruslaquid
1027 2548 1028 2553 η

328 2575 437 2617 extent:

202 2642 415 2718 Contemplator
427 2642 501 2697 enim
514 2662 579 2698 curn
589 2643 734 2699 montibus
742 2642 894 2700 adsmilata

203 2723 310 2780 Nubila
323 2723 474 2797 portabunt
485 2722 561 2778 venti
574 2722 723 2779 transversa
737 2742 788 2798 per
797 2742 896 2780 auras:

203 2804 268 2859 Aut
277 2802 327 2858 ubi
340 2820 391 2877 per
403 2819 519 2877 magnos
531 2803 652 2858 montcit
663 2804 804 2860 cumulata
816 2803 927 2862 videbis

204 2882 326 2956 Insuper
337 2879 387 2936 esse
399 2880 460 2936 aliis
472 2881 535 2948 alia,
549 2896 632 2956 atque
645 2900 742 2957 urgere
755 2881 875 2959 superno

207 2963 243 3016 ln
258 2959 371 3017 [latione
379 2961 466 3016 locata
475 2959 589 3035 sepultis
604 2961 728 3036 undique
740 2963 847 3018 ventis:

203 3041 282 3096 Tum
295 3039 400 3115 poteris
417 3059 528 3116 magnas
540 3040 636 3096 moleis
650 3041 812 3116 cognoscere
824 3060 937 3112 eorum,

205 3118 406 3196 speluncasque
419 3122 495 3176 velut
508 3119 577 3175 saxis
586 3116 769 3195 pendentibu'
780 3119 887 3179 struslaa

206 3201 338 3266 Cernere,
352 3218 420 3274 quar
429 3199 504 3257 venti
515 3219 590 3266 cum,
603 3199 758 3277 tempestate
770 3217 876 3270 coorta,

205 3280 409 3354 complerunt,
423 3299 527 3356 magno
539 3278 726 3356 indignantur
739 3299 885 3340 murmure
897 3279 979 3340 clausi

199 3359 348 3434 Nubibus,
364 3359 395 3420 in
407 3361 547 3441 crvcisqtre
556 3358 679 3422 serarum
688 3381 766 3424 more
778 3361 938 3502 miaaotugr
972 3354 976 3401 ἶ

145 3460 151 3468 ’
933 3458 988 3502 unc
