2359 3875
305 420 504 492 irruit
543 412 901 493 sreuuuue.
958 434 999 511 tr

232 550 308 625 Quod
323 550 338 605 fi
353 571 411 606 non
425 552 465 606 ita
479 549 521 616 iit,
537 549 645 607 rursum
654 551 713 627 jam
727 548 829 608 semina
841 542 973 619 quadan

229 628 279 684 Effe
290 632 405 686 infinito
418 632 558 686 debebunt
571 633 697 707 corporis
710 628 804 685 audu.

224 709 345 787 Namque
359 712 389 765 in
399 711 495 767 eadem
510 731 565 767 una
578 711 732 786 cujuscujur
746 707 879 764 brevitate

223 790 363 865 Corporis,
380 792 453 849 inter
466 791 492 846 se
505 793 625 847 multur'n
640 790 744 846 variare
758 789 852 863 figurae'

221 868 280 926 Non
296 870 421 945 potsunt.
447 872 499 927 Fac
510 872 585 927 enim
595 871 744 926 minimiee
757 869 880 944 partibus
889 862 942 932 effe

219 951 342 1026 Corpora
354 951 460 1027 prima:
486 952 586 1015 tribue,
599 953 642 1007 vel
656 952 751 1025 paullo
767 948 895 1034 pluribut
908 963 994 1023 auge:

216 1030 321 1106 Nempe
334 1032 384 1087 nbi
398 1038 442 1088 e‘as
457 1034 557 1107 parteis
572 1030 653 1086 unius
665 1030 792 1105 corporis
804 1043 922 1089 omnem,

215 1103 994 1187 Summaatqueimalocans,transmutansdextertlaevie,

158 1215 162 1221 ’
213 1187 393 1247 Omnimodis
406 1207 537 1267 expertus
551 1191 616 1257 eris,
631 1210 714 1266 quam
726 1187 902 1264 quisquetdet
913 1186 983 1244 ordo

211 1270 317 1326 For-mai
329 1271 448 1347 speciem
462 1272 544 1328 totius
552 1269 679 1345 corporis
691 1271 763 1345 ejue;

211 1351 297 1427 Quod
308 1349 442 1425 superest,
453 1351 471 1407 fi
481 1350 549 1407 sorte
559 1353 632 1407 voles
640 1350 743 1407 variare
754 1350 865 1424 figuras,

209 1430 384 1486 Addendum
405 1432 507 1507 parteis
519 1432 585 1487 alias
595 1431 661 1487 erit:
686 1429 751 1486 inde
764 1430 891 1502 sequetur

208 1510 338 1567 Adfimili
354 1512 473 1577 ratione,
486 1512 552 1568 alias
566 1525 598 1568 nt
610 1510 728 1586 postulet
738 1508 822 1576 ordo,

208 1588 233 1645 Si
246 1606 277 1647 tu
292 1590 371 1667 forte.
379 1591 453 1647 voles
462 1593 546 1649 etiam
557 1592 663 1648 variare
672 1591 786 1666 figurae.

207 1668 278 1746 Ergo
293 1668 394 1727 formai
403 1674 553 1729 novitatem
566 1671 694 1747 corporis
705 1688 824 1745 augmen

206 1749 402 1826 Subsequitur:
425 1771 509 1827 quare
521 1770 578 1809 nun
591 1751 627 1808 est
641 1766 672 1808 nt
685 1751 795 1807 credere
808 1750 901 1828 podis,

206 1828 262 1886 Effe
276 1831 397 1888 infinitis
408 1832 538 1890 distantia
548 1833 650 1889 semina
662 1830 759 1888 formis
772 1850 779 1886 t

205 1908 244 1966 Ne
256 1911 387 1986 quadam
397 1932 479 1990 cogar
492 1914 608 1970 immani
623 1912 795 1969 maximitate

205 1988 275 2058 Effe3
302 1992 384 2068 supra
397 1993 474 2068 quod
483 1996 542 2069 jam
554 1993 638 2051 docui
651 2013 710 2049 non
726 1991 799 2067 poffe
813 1993 939 2069 probari.

235 2073 303 2144 Jarn
319 2074 371 2129 tibi
387 2073 539 2130 barbaricae
553 2073 647 2140 vestet,
663 2074 848 2149 Meliboeaque
860 2071 971 2150 fulgent

203 2149 339 2228 Purpura,
353 2151 689 2210 Theffalicoeoncharum
702 2153 785 2208 tinda
798 2155 899 2222 colore,
914 2167 942 2211 et

203 2231 295 2289 Aurea
309 2252 456 2308 pavonum
470 2233 571 2291 ridenti
585 2235 693 2293 imbuta
705 2237 799 2309 lepore

202 2309 290 2377 Secia,
304 2332 382 2369 novo
394 2332 488 2371 rerum
501 2313 625 2390 superata
638 2316 729 2372 colore
736 2316 873 2390 jacerent:

201 2390 232 2445 Et
245 2406 422 2468 contemptur
434 2393 650 2473 odormyrrha3
674 2395 816 2472 mellisque
829 2396 954 2475 saporem

201 2469 232 2527 Et
242 2473 356 2550 Cycnea
370 2474 451 2540 mele,
467 2472 649 2552 Phoebeaque
660 2474 764 2532 daedala
776 2477 889 2537 chordis

202 2551 343 2617 Carmina,
357 2553 494 2611 confimili
507 2554 613 2611 ratione
627 2555 753 2630 oppreffa
767 2557 884 2616 filerent.

199 2630 325 2708 Namque
337 2633 400 2690 aliis
411 2634 488 2691 aliud
503 2635 675 2711 prestantius
688 2651 858 2695 exureretur.

236 2712 344 2770 Cedere
356 2713 423 2770 item
433 2730 507 2772 retro
521 2715 628 2790 peffent
640 2715 670 2771 in
683 2715 830 2774 deteriores

200 2788 304 2850 Omnia
315 2792 350 2849 fic
364 2793 479 2870 partein
497 2810 529 2851 ut
542 2795 669 2851 diximus
679 2796 709 2851 in
722 2796 864 2856 meliores:

198 2871 321 2948 Namque
332 2875 396 2930 aliir
406 2874 484 2931 aliud
498 2891 570 2933 retro
580 2895 692 2951 quoque
705 2878 802 2934 tertius
813 2878 877 2938 effet

198 2950 328 3020 Naribus,
342 2954 468 3020 auribus,
480 2971 562 3031 atque
571 2957 671 3023 oculis,
682 2957 792 3033 orisque
806 2959 908 3038 sapori.

237 3034 309 3111 Qrae
318 3035 450 3110 quoniam
464 3053 521 3092 non
534 3036 599 3093 sunt
607 3039 638 3095 in
644 3039 725 3094 rebus
735 3039 853 3108 reddita,
862 3058 935 3102 certa
947 3061 975 3104 et

196 3111 269 3168 Finis
279 3114 411 3187 utrinque
425 3129 499 3172 tenet
510 3116 661 3176 summam:
684 3116 783 3175 fateare
792 3120 926 3181 neeeffe'st

195 3189 338 3250 Materiam
348 3213 459 3270 qunque
473 3197 558 3254 finitis
570 3195 681 3254 differre
695 3197 804 3273 figuris.

233 3272 414 3348 Denique,ab
421 3275 533 3352 ignibus
540 3277 574 3334 ad
581 3274 971 3372 gelidas,hiemisquepr·uim

194 3349 330 3421 Finitu'st,
347 3369 475 3432 retroque
488 3358 550 3434 pati
561 3359 669 3417 ratione
680 3358 805 3418 remensu
818 3359 849 3418 st.

894 3445 980 3501 inter
