2359 3875
302 420 482 490 innan
520 415 870 489 annuntius,
927 419 970 508 ⁶3

259 532 395 613 Principio,
411 538 495 594 nobis
507 537 537 591 in
552 535 662 592 cumulas
674 534 800 612 undique
815 533 928 611 partein,

227 608 252 664 Et
261 615 325 671 latere
336 638 368 673 ex
379 632 511 693 utroque,
523 616 607 681 infra,
622 616 784 692 superaque,
795 626 851 693 'per
859 632 943 671 omne

227 689 287 750 Nulla
301 692 325 752 'ss
337 698 410 764 finis,
429 696 480 767 (uti
495 697 588 768 docui)
601 716 643 751 res
655 695 767 772 ipsaque
776 717 826 771 per
839 695 865 751 se

227 767 382 844 Vociferatur,
397 794 424 833 et
437 780 525 834 elucet
534 792 634 833 natura
647 775 794 852 profundi.

224 848 342 933 Nuliojam
356 857 433 933 patio
447 858 595 914 verifimile
608 855 659 912 effe
672 856 830 933 putandum
842 851 881 923 n,

226 925 337 1011 {Undique
350 959 415 993 cum
425 938 521 993 vorsus
534 937 652 1012 spatium
666 952 742 994 vacet
756 936 912 1003 infinitum,

224 1008 353 1091 Seminaque
362 1019 513 1074 innumero
523 1036 652 1084 numero,
663 1016 821 1091 summaque
831 1017 970 1092 profunda

148 1133 150 1162 :
224 1087 370 1154 Multimodis
383 1099 502 1155 volitent
516 1112 618 1153 aeterno
633 1097 737 1176 percita
750 1112 830 1153 motu
839 1097 859 1169 ε)

224 1167 375 1235 Huncnnum
390 1194 527 1234 terrarum
539 1178 647 1243 orbem,
662 1179 818 1253 coelumque
830 1192 951 1235 creatum
963 1205 968 1242 ;

224 1247 329 1330 Nilagere
339 1260 385 1314 iiia
395 1257 463 1314 foris
477 1274 517 1314 tot
527 1277 645 1333 corpora
659 1258 796 1313 mateiiai:

208 1382 210 1386 .
225 1328 277 1389 Cum
286 1340 429 1411 praesertim
439 1336 486 1393 hic
496 1338 526 1394 sit
536 1355 635 1394 natura
649 1336 747 1403 famum
765 1338 859 1412 etipsa

224 1407 300 1482 Sponte
309 1419 351 1475 sua
365 1418 435 1475 forte
449 1416 610 1474 offensando
624 1418 726 1475 semina
739 1438 835 1475 rerum

224 1486 380 1565 Multimodis,
399 1514 509 1564 temere,
522 1495 667 1565 incastum,
683 1498 846 1573 frameaque,
861 1500 952 1557 coaiiu

223 1564 317 1633 Tandem
329 1579 484 1636 cooluerint
497 1598 611 1652 ea‚·quae
625 1577 744 1655 conjeita
758 1596 871 1654 repente

223 1644 356 1727 Magnarum
369 1678 464 1716 rerum
477 1660 572 1715 fierent
586 1658 700 1714 exordia
714 1658 828 1734 semper,

223 1722 304 1803 Termi,
317 1741 411 1806 maris,
422 1740 530 1805 etcoeli‚
546 1739 705 1815 generisque
715 1740 902 1798 animantum.

225 1806 380 1882 Quinetiam
393 1834 474 1895 atque
484 1819 566 1875 etiam
583 1820 660 1876 taleis
674 1818 772 1877 fateare
785 1819 918 1879 neceffe'st

222 1882 326 1956 Effealios
338 1900 404 1956 aiibi
418 1898 573 1976 congreffus
584 1900 720 1966 materiai,

223 1967 296 2046 Qum
308 1979 352 2037 hic
366 1979 413 2047 est,
424 1982 507 2036 avido
516 1983 667 2056 complexu
681 2000 765 2055 quem
780 1996 851 2037 tenet
865 1982 959 2039 aether.

248 2054 374 2128 Preterea,
390 2081 455 2117 cum
469 2062 594 2118 materies
606 2060 642 2116 est
656 2063 743 2118 multa
756 2077 865 2137 parata3

220 2127 273 2192 Cum
285 2141 357 2199 locus
367 2141 403 2198 est
416 2139 527 2217 praest03
544 2161 593 2197 nec
607 2162 660 2208 rea,
674 2162 723 2198 nec
734 2141 822 2198 cauffa
836 2156 963 2199 moratur

220 2205 278 2285 Uflm
293 2224 355 2298 geni
369 2221 472 2277 debent
485 2222 632 2290 nimirum,
646 2237 672 2278 et
685 2223 799 2280 confieri
813 2244 867 2279 res.

216 2285 278 2355 Nunc
286 2320 310 2357 et
322 2302 474 2360 seminibus
488 2301 505 2356 fi
517 2317 590 2358 tanta
602 2297 630 2357 'st
644 2303 733 2379 copia,
749 2319 882 2378 quantam

215 2366 360 2440 Enumerare
374 2397 435 2438 aetas
444 2383 619 2440 animantum
632 2381 784 2458 uon-queat
795 2385 903 2450 omnim

214 2445 295 2537 Visque
307 2463 416 2528 eadem,
431 2478 456 2516 et
466 2479 562 2519 natura
574 2475 678 2528 manet,
691 2484 750 2539 quae
763 2463 864 2521 sentina
878 2475 977 2520 rerum

211 2531 334 2618 Conjicere
345 2545 376 2600 in
391 2543 450 2598 loca
463 2562 577 2618 quaeque
591 2557 684 2619 queat,
700 2544 780 2600 fimili
794 2545 910 2610 ratione,

209 2612 284 2698 Atque
293 2623 349 2680 huc
363 2623 426 2678 sunt
436 2621 570 2699 conjeda:
585 2621 687 2679 ueceiie
702 2621 731 2679 'ss
743 2625 889 2681 confiteare

207 2692 326 2760 Effeatios
337 2705 400 2760 aliis
410 2718 543 2760 terrarum
559 2706 588 2759 in
602 2705 727 2778 partibus
740 2705 841 2768 orbeis,

205 2774 230 2835 Et
241 2786 328 2839 varias
341 2783 488 2839 hominum
504 2783 618 2859 gemnis,
631 2799 657 2838 et
667 2784 741 2840 saecla
754 2783 887 2840 ferarum.

237 2863 299 2920 Huc
313 2863 429 2929 accedit,
442 2865 515 2919 utin
528 2863 636 2919 suntuna
651 2884 690 2920 res
704 2865 779 2919 nulla
793 2865 824 2918 fit
838 2884 904 2930 una,

203 2936 284 3001 Unica
298 2966 360 3021 quae
375 2944 517 3019 gignatur,
533 2943 660 3009 munina,
677 2944 785 3017 solaque
798 2944 912 2999 crescat:

200 3022 270 3100 Quin
279 3023 411 3101 cujusque
425 3024 491 3080 fient
501 3023 584 3087 saecli,
602 3026 794 3098 permultaque
806 3021 904 3101 eodem

198 3101 250 3159 Sint
260 3124 370 3180 genere,
384 3104 525 3178 inprimis
538 3104 716 3168 animalibus,
732 3102 825 3156 indice
839 3117 941 3158 mente.

197 3180 320 3241 invenies
330 3182 364 3238 fic
377 3183 569 3259 montivagum
580 3202 666 3258 genus
675 3181 725 3238 effe
738 3179 875 3245 serarum

195 3262 233 3319 Sic
243 3263 391 3320 hominum
405 3263 528 3338 genitam
541 3265 669 3338 prolem
686 3259 848 3335 ficdenique
858 3275 948 3317 mutan

194 3342 430 3423 squammigerum
444 3342 575 3418 pecudem
592 3357 619 3397 et
632 3359 750 3416 corpora
762 3339 860 3397 cuniia
872 3341 970 3397 volan·
989 3375 993 3386 ·

271 3438 341 3480 tum.
458 3490 463 3496 ¹
552 3422 573 3477 F
585 3438 600 3482 2
892 3418 974 3494 Qa-

486 3499 500 3522 δ
986 3511 991 3518 .
