2359 3875
260 381 325 507 nu
439 396 908 507 minanam

249 560 328 619 Dum
342 564 430 632 venit,
444 566 573 622 amittens
581 566 612 621 iu
622 564 701 622 cursu
715 583 832 640 corpora
844 560 972 639 quadam

252 643 392 711 Grandia,
408 666 468 721 quae
481 662 625 721 nequeunt
642 648 747 722 pariter
761 660 903 721 penetrare
919 661 970 719 per
983 660 1034 696 au·

333 746 392 791 ras3

249 800 347 877 Atque
360 807 414 863 alia
426 826 460 861 ex
473 807 533 882 ipso
542 806 696 863 conradens
708 826 768 862 aere
780 819 873 882 portat

249 882 380 951 Parvula,
395 907 456 961 quae
469 886 596 943 faciunt
590 906 683 963 ignem
695 886 838 943 commista
850 881 990 942 volando:

250 963 317 1019 Non
331 965 385 1022 alia
396 968 477 1043 longe
491 968 610 1033 ratione,
622 987 652 1023 ac
663 968 795 1042 plumbea
805 967 873 1041 sape

251 1044 369 1101 Fervida
383 1047 415 1103 fit
428 1048 524 1124 glans
516 1068 547 1103 ιιι
561 1047 654 1112 cursu,
669 1066 734 1102 cum
749 1049 838 1104 multa
851 1044 954 1121 rigoris
1043 1076 1047 1082 ·

251 1123 383 1201 Corpora
394 1127 561 1184 dimittens
554 1147 648 1202 ignem
658 1127 789 1218 concepit
800 1128 831 1184 in
844 1126 932 1183 auria.

297 1206 342 1261 Fit
354 1227 474 1283 quoque,
487 1224 518 1264 ut
531 1209 615 1283 ipfius
629 1208 754 1283 plagae
728 1228 770 1262 vis
782 1208 883 1263 excitet
892 1208 1000 1280 ignem,

253 1286 367 1361 Frigida
381 1308 447 1345 cum
459 1290 535 1346 venti
550 1286 701 1363 pepulit
674 1308 717 1343 vis
730 1286 807 1343 milla
817 1286 890 1342 siue
884 1285 960 1361 igni:

251 1366 399 1425 Nimirum
411 1369 478 1444 quia
490 1389 554 1425 cum
568 1366 726 1423 vehementi
739 1370 858 1442 perculit
870 1365 939 1432 iau,

251 1447 402 1504 Confluere
412 1469 445 1504 ex
458 1450 518 1525 ipso
533 1447 645 1524 poliunt
657 1450 790 1504 elementa
804 1447 934 1522 vaporis3

253 1527 289 1580 Et
303 1527 384 1583 limul
397 1548 431 1584 ex
446 1530 510 1595 illa‚·
520 1549 580 1602 quae
595 1542 653 1583 turn
671 1548 711 1583 res
724 1528 831 1602 excipit
844 1526 941 1590 idlum,
967 1597 969 1602 Ι

251 1606 295 1664 Ut
306 1607 429 1681 lapidem
443 1607 515 1664 ferro
530 1607 750 1673 cumeaedimus,
766 1607 859 1662 evolat
868 1606 959 1681 ignis:

252 1685 313 1743 Nec
325 1686 401 1760 quod
414 1686 515 1763 frigida
526 1689 568 1744 vis
579 1688 610 1742 sit
622 1686 700 1753 ferri,
716 1684 770 1742 hoe
781 1685 867 1743 secius
879 1686 928 1741 illa

252 1764 363 1821 Semina
375 1783 546 1823 concurrunt
558 1767 643 1823 calidi
656 1765 774 1841 fulgoris
783 1766 818 1822 ad
828 1764 931 1821 ὶέὶιιω.

251 1845 396 1922 sicigitur
409 1867 520 1925 quoque
533 1867 574 1903 res
587 1847 698 1903 accendi
711 1846 832 1903 fulmine
845 1846 936 1915 debet,

252 1924 425 2003 Opportuna
438 1926 613 1996 inuniunt,
628 1943 656 1984 et
668 1928 770 1985 idonea
782 1927 912 1985 flammis.

247 2007 307 2064 Nec
322 2020 421 2065 temere
431 2009 547 2063 omnino
561 2008 685 2082 plane
658 2027 701 2063 vis
714 2006 816 2082 frigida
828 2009 905 2062 venti

249 2086 311 2144 Else
323 2087 421 2162 potest,
437 2108 472 2143 ex
485 2106 542 2163 quo
555 2101 667 2142 tantam
659 2085 802 2142 immilla
811 2082 938 2162 superne
940 2086 978 2145 st:

251 2168 431 2243 Quin-prius
442 2168 472 2224 in
485 2167 565 2223 cursu
579 2168 596 2222 fi
610 2186 669 2223 non
682 2166 841 2222 accenditur
849 2167 922 2244 igni,

248 2249 292 2305 At
306 2247 435 2323 tepefadla
449 2264 540 2303 tamen
554 2249 648 2302 veniat
661 2246 801 2303 commista
813 2248 917 2304 calore.

294 2327 541 2383 Mobilitasautem
553 2326 731 2392 fitfulmiuis‚
746 2343 773 2381 et
787 2328 876 2402 gravis
890 2329 973 2396 illua,

251 2406 288 2461 Et
297 2406 379 2462 celeri
393 2405 479 2462 ferme
493 2422 615 2482 pergunt
627 2407 661 2461 fic
674 2405 794 2463 fulmina
804 2409 897 2483 laplu:

249 2487 383 2542 Nubibus
393 2486 451 2562 ipsa
463 2487 537 2562 quod
552 2487 671 2542 omnino
684 2487 765 2562 prius
778 2488 865 2545 incita
878 2488 903 2545 le
918 2488 960 2545 vie

252 2566 390 2642 Conligit,
406 2582 431 2621 et
445 2586 580 2643 magnum
593 2585 726 2622 conamen
739 2566 824 2623 sumit
836 2569 933 2625 eundi.

251 2646 336 2713 Inde,
349 2648 397 2702 ubi
408 2667 464 2703 nou
477 2648 569 2723 potnit
580 2648 668 2702 nubes
681 2667 778 2722 capere
788 2648 901 2723 impetis
913 2647 1036 2716 audlum,

251 2728 437 2803 Exprimitur
450 2729 502 2793 vis,
518 2742 600 2801 atque
613 2727 676 2782 ideo
690 2729 765 2783 volat
778 2728 882 2803 impete
894 2729 979 2796 mito,

252 2807 294 2865 Ut
307 2807 406 2863 validis
419 2827 480 2881 quae
493 2807 527 2862 de
542 2809 687 2863 tormentis
700 2805 778 2863 miffa
791 2806 931 2879 feruntur.

295 2886 379 2941 Adde
391 2887 467 2960 quod
478 2906 492 2941 e
503 2888 608 2960 parvis,
623 2907 652 2942 ac
663 2888 777 2942 lavibus
788 2886 823 2944 est
837 2890 1001 2947 elementiae

250 2966 309 3022 Nec
324 2962 433 3021 facile'll
449 2967 496 3020 tali
507 2981 613 3021 naturae
626 2967 750 3022 obsistere
762 2969 930 3043 quicquam:

252 3046 334 3103 Inter
348 3045 426 3099 enim
440 3043 523 3120 fugit,
539 3066 568 3102 ac
582 3060 709 3121 penetrat
723 3066 774 3123 per
786 3068 847 3103 rara
861 3049 985 3107 viarum.
1022 3068 1026 3076 ·

252 3127 320 3183 Non
335 3125 424 3199 igitur
437 3127 533 3181 multis
546 3125 692 3182 offenlibus
702 3127 731 3181 in
745 3129 909 3184 remorando
925 3191 928 3196 ,

249 3205 377 3262 Haefitat:
390 3202 461 3260 hanc
474 3207 510 3262 ob
525 3226 583 3262 rem
599 3207 681 3261 celeri
691 3207 766 3262 volat
778 3208 883 3283 impete
895 3210 1001 3267 labens.

292 3283 413 3350 Deinde,
427 3287 504 3359 quod
517 3288 636 3342 omnino
650 3301 749 3341 natura
763 3290 887 3362 pondera
899 3289 1029 3346 deorsum

250 3364 359 3426 Omnia
369 3364 516 3426 nituntur:
533 3385 598 3424 cum
611 3368 691 3443 plaga
704 3366 735 3422 fit
748 3367 842 3427 addita
854 3388 932 3436 vero,

893 3448 1038 3508 nluhilitaa
