2359 3875
295 440 496 508 LIBER
542 439 802 510 SEXTUS.
887 443 950 534 ¹37

166 570 311 627 Mobilitas
321 571 494 646 duplicatur,
509 586 535 627 et
547 573 669 647 impetus
681 572 728 629 ille
741 571 887 648 gravescit,

166 652 207 707 Ut
222 650 422 717 vehementius,
434 669 459 707 et
472 655 566 718 citius,
581 672 754 728 quaecunque
767 668 913 709 morantur
936 661 943 671 ⁸

166 730 274 795 Obvia,
289 731 420 787 discutiat
432 734 532 808 plagis,
546 733 685 808 itinerque
700 733 839 809 sequatur.

210 811 350 886 Denique,
362 813 437 887 quod
449 814 533 890 longo
545 815 622 869 venit
633 815 745 888 impete,
759 813 864 870 sumere
873 811 954 869 debet

164 891 365 958 Mobilitatem,
381 893 464 950 etiam
479 907 560 967 atque
569 893 651 947 etiam
665 912 726 966 qnae
739 893 833 950 crescit
846 894 952 961 eund0,

97 1025 99 1028 ,
165 972 202 1024 Et
214 971 317 1027 validas
332 987 413 1047 auget
427 973 523 1039 vireis,
539 988 566 1027 et
581 975 693 1028 roborat
705 968 803 1029 isium.

164 1052 239 1106 Nam
252 1050 330 1118 facit,
346 1067 388 1118 ut,
403 1073 465 1128 qua
480 1053 530 1108 fint
542 1053 617 1108 illius
630 1052 731 1108 semina
741 1073 861 1127 cunque,

167 1132 190 1185 E
205 1132 318 1206 regione
331 1134 423 1188 locum
435 1132 508 1205 quasi
522 1135 551 1188 in
563 1153 651 1188 unum
662 1132 758 1189 cunda
770 1132 905 1202 ferantur,

168 1210 275 1268 Omnia
289 1212 439 1288 conjiciens
452 1214 482 1267 in
495 1232 559 1268 enm
575 1214 716 1269 volventia
730 1213 853 1269 cursum.

210 1291 312 1348 Forsan
326 1309 353 1347 et
366 1312 400 1347 ex
414 1292 475 1367 ipso
487 1294 600 1349 veniens
614 1291 703 1348 trahat
715 1312 776 1372 aere
789 1292 914 1366 quaedam

122 1408 124 1411 v
166 1368 308 1446 Corpora,
321 1392 380 1447 quae
395 1374 484 1447 plagis
492 1373 642 1430 intendunt
658 1374 857 1430 mobilitatem.

168 1452 392 1527 Incolumeisque
412 1454 489 1509 venit
502 1474 553 1529 per
574 1474 626 1521 res,
651 1470 733 1528 atque
756 1454 864 1527 integra
878 1466 953 1511 tran·

250 1534 282 1589 fit
544 1581 561 1589 ..

168 1612 271 1681 Multa,
287 1613 471 1670 foraminibus
484 1614 600 1689 liquidis
611 1615 677 1689 quia
691 1616 809 1672 travolat
821 1612 911 1689 ignisa

168 1693 316 1771 Multaque
328 1692 488 1769 perfringit,
504 1715 567 1749 cum
581 1715 698 1770 corpora
711 1695 839 1753 fulminis
852 1693 917 1769 ipsa⁴

170 1772 346 1849 Corporibus
360 1794 453 1830 rerum
467 1775 630 1838 inciderint,
642 1798 697 1853 qua
709 1792 782 1833 texta
796 1788 940 1831 tenentur.

213 1855 342 1911 Diffolvit
356 1874 440 1929 porro
454 1854 535 1912 facile
548 1876 594 1921 aes,
606 1877 761 1931 aurumque
774 1869 888 1931 repente

169 1934 392 2001 Conservcfacit3
410 1957 424 1991 e
437 1939 531 2012 parvis
545 1936 612 2012 quia
625 1936 693 1993 fasla
707 1939 815 1994 minute

169 2017 347 2092 Corporibus
361 2017 404 2071 vis
415 2016 462 2083 ell,
478 2033 504 2073 et
517 2019 632 2074 lavibus
644 2038 679 2073 ex
688 2016 841 2082 elementis,

170 2098 242 2173 Quae
256 2096 336 2153 facile
351 2098 538 2164 infinuantur,
554 2115 580 2154 et
594 2098 728 2153 insinuata
741 2112 854 2173 repente

170 2177 331 2234 Dilsolvunt
345 2176 433 2234 nodos
446 2179 564 2244 omneis,
576 2193 603 2234 et
616 2178 708 2233 vincla
720 2180 857 2236 relaxant.

213 2258 419 2333 Autumnoque
432 2259 522 2334 magis
535 2258 617 2314 llellis
627 2257 798 2334 fulgentibus
812 2261 866 2314 alta

171 2338 345 2394 Concutitur
357 2340 416 2393 culi
430 2338 529 2394 domus
542 2339 679 2413 undiquc,
696 2354 806 2415 totaque
822 2342 919 2412 tellus;

170 2418 283 2474 Etcum
298 2419 463 2493 temporale
478 2420 548 2474 veris
563 2420 691 2476 florentia
704 2420 846 2496 pandunt.

171 2499 284 2575 Frigore
296 2499 374 2555 enim
388 2499 484 2554 desunt
494 2500 580 2575 ignes,
597 2501 729 2575 ventique
739 2501 829 2557 calore

169 2579 322 2646 Deficiunt,
338 2598 428 2654 neque
441 2579 503 2635 sunt
515 2596 569 2635 tam
583 2578 665 2634 denso
678 2599 794 2656 corpore
807 2585 906 2640 nubes.

171 2660 249 2715 Inter
261 2676 410 2736 utrumque
424 2660 512 2735 igitur
525 2680 589 2715 cum
599 2660 660 2714 coeli
672 2676 796 2735 tempora
810 2663 947 2730 conflant,

169 2739 246 2795 Tum
257 2741 335 2798 varia
346 2740 430 2797 cansae
441 2754 613 2809 concurrunt
625 2739 753 2796 fulminis
766 2759 872 2799 omnes.

170 2819 244 2876 Nam
257 2819 343 2878 fretus
357 2821 415 2897 ipse
429 2822 495 2876 anni
505 2820 652 2897 permiscet
663 2819 764 2896 frigus,
780 2824 927 2879 etaellum:

170 2903 305 2978 Quorum
319 2917 469 2979 utrumque
481 2921 552 2977 opus
566 2900 603 2957 est
616 2900 777 2959 fabricanda
790 2903 825 2960 ad
838 2903 958 2962 fulmina

253 2983 346 3048 nobis,

172 3063 212 3121 Ut
225 3063 363 3120 discordia
376 3062 407 3117 fit
420 3081 525 3128 rerum,
542 3081 700 3139 magnoque
711 3066 836 3123 tumultu
898 3073 901 3078 “

171 3144 301 3220 Ignibus,
317 3158 343 3199 et
356 3142 631 3201 ventissuribundus
645 3143 757 3201 llusluct
773 3166 829 3203 aer.

170 3225 265 3281 Prima
278 3224 462 3299 calorisenim
475 3243 548 3298 pars,
563 3241 589 3280 et
603 3224 737 3300 pollrema
751 3228 862 3302 rigoris,

169 3303 295 3380 Tempus
309 3305 338 3360 id
351 3304 386 3360 est
397 3324 530 3361 vernum:
547 3324 632 3379 quare
647 3324 772 3380 pugnare
785 3307 920 3370 necelfe'li

171 3383 320 3443 Diffimiles
333 3384 406 3443 iuter
415 3384 440 3442 se
455 3404 507 3453 res,
520 3387 683 3459 turbareque
698 3384 801 3446 milles.

921 3469 970 3527 sn
