2359 3875
242 427 328 495 160.
419 421 458 494 T.
502 420 893 494 LUCRETII

245 553 444 627 lanigeraeque
457 548 536 606 limul
552 549 720 625 pecudes‚et
732 550 832 606 bucera
845 549 932 614 saecla,

245 632 354 691 Omnia
365 627 589 688 sunthominum
604 632 694 686 tutelae
710 629 820 693 tradita,
836 627 966 686 Memmi.

248 714 322 770 Nam
332 710 434 787 cupide
445 708 540 785 fugere
553 708 632 777 feras,
649 709 907 786 pacemquelecutae

246 794 328 857 Sunt,
345 806 371 847 ct
384 793 459 865 larga
470 789 517 845 luo
531 790 585 846 line
599 791 700 865 pabula
714 805 792 865 parta
804 791 912 853 labore3
968 853 971 859 ¹

248 874 321 949 Qut
330 871 428 928 damus
442 870 571 926 utilitatis
583 890 680 926 eorum
696 870 808 944 premia
818 870 907 927 caula.

247 952 301 1018 At,
316 952 394 1029 queis
407 950 449 1005 nil
463 948 564 1006 horum
579 950 676 1005 tribuit
689 965 797 1015 natura,
809 971 859 1006 nec
873 948 933 1026 ipla

249 1033 358 1109 Sponte
371 1030 416 1086 lua
431 1028 539 1106 pollent
550 1043 581 1086 ut
591 1030 695 1096 vivere,
711 1050 760 1086 nec
773 1030 838 1085 dare
851 1030 933 1086 uobis

250 1112 413 1172 Utilitatem
426 1111 561 1186 aliquam,
576 1129 660 1184 quare
674 1125 831 1186 pateremur
843 1130 943 1167 eorum

248 1191 376 1248 Praelidio
389 1190 482 1247 nollro
497 1191 571 1266 pasci
585 1210 681 1265 genus,
697 1190 800 1264 elleque
815 1190 929 1247 tutum?

248 1271 360 1330 Scilicet
372 1270 428 1327 haec
440 1270 502 1327 aliis
511 1271 622 1346 praedae,
640 1272 775 1346 lucroque
784 1272 912 1346 jacebant

249 1351 420 1427 indupedita
430 1351 483 1407 luis
492 1349 622 1407 fatalibus
637 1352 731 1406 omnia
745 1350 856 1417 vinclis,

247 1432 391 1490 Donicutn
406 1429 441 1488 ad
455 1431 599 1486 interitum
613 1450 699 1505 genus
712 1431 741 1486 id
751 1445 850 1500 natura
860 1432 979 1509 redegit.

290 1510 573 1585 ScdnequeCentauri
584 1510 709 1577 fuerunt,
718 1530 807 1585 neque
814 1526 937 1586 tempore
946 1515 976 1570 in
984 1515 1046 1572 ullo

248 1590 309 1649 Effe
323 1606 406 1665 queat
415 1590 524 1665 duplici
537 1605 649 1657 natura,
663 1605 691 1646 ct
702 1610 820 1665 corpore
834 1592 902 1650 bino

248 1674 294 1730 Ex
307 1670 468 1746 alienigenis
480 1669 612 1727 membris
624 1670 764 1745 compasta
778 1671 903 1745 potestas,

246 1753 324 1809 Hinc
337 1750 415 1809 illinc
430 1750 535 1825 parvis
549 1765 581 1805 ut
595 1770 652 1805 non
666 1750 699 1806 lic
712 1750 763 1807 elle
772 1752 848 1825 potis
861 1751 902 1807 lit.
982 1807 985 1814 ,

249 1831 285 1888 Id
298 1832 363 1887 licet
376 1828 444 1894 hinc
454 1829 582 1903 quamvis
594 1828 686 1885 hebeti
699 1828 860 1906 cognoscere
873 1830 969 1888 corde.

292 1910 451 1986 Principio,
467 1910 575 1967 circum
590 1910 680 1967 tribus
692 1909 758 1968 allis
770 1910 893 1988 impiger
901 1914 983 1972 annis

248 1994 341 2050 Floret
351 1986 449 2069 equus,
467 2011 537 2067 puer
546 1989 778 2066 haudquaquam:
793 1992 941 2069 quinlepe
950 1994 1035 2053 etiam

374 2092 444 2131 num
748 2088 752 2095 '

250 2153 345 2212 Ubera
356 2171 540 2209 mammarum
549 2151 580 2206 in
592 2150 694 2208 somnis
703 2151 831 2209 ladlautia
843 2151 955 2226 quatit.

249 2231 312 2290 Post
325 2233 374 2288 ubi
386 2251 491 2306 equum
502 2231 602 2288 validae
616 2232 688 2288 vires
700 2248 776 2288 :etate
789 2231 903 2298 tenetls,
928 2256 932 2265 ·
971 2279 973 2285 .

248 2313 432 2386 Membraque
441 2309 574 2368 deliciunt
584 2310 705 2387 fugienti
718 2312 850 2388 languida
864 2314 938 2379 vita;

250 2394 329 2449 Tum
342 2390 459 2446 demum
472 2391 566 2466 pueris
579 2410 638 2447 aevo
652 2393 767 2450 florente
775 2395 904 2469 juventas

252 2471 380 2547 Occipit,
395 2484 422 2525 et
436 2470 516 2527 molli
526 2469 605 2527 vellit
618 2473 749 2547 lanugine
763 2474 862 2529 malas:

250 2554 295 2609 Nc
304 2549 373 2606 forte
382 2571 416 2606 ex
431 2547 555 2617 homine,
570 2567 597 2607 et
610 2554 735 2609 veterino
750 2552 850 2616 semine
862 2571 1001 2627 equorum

252 2631 377 2691 Confieri
390 2630 484 2688 credas
499 2632 655 2688 Centauros
668 2632 752 2707 polle,
767 2652 818 2691 nec
831 2631 881 2689 elle
894 2653 901 2689 ε

251 2713 314 2771 Aut
326 2710 431 2787 rapidis
443 2712 558 2769 canibus
569 2711 908 2775 luccinllaslemimariuis

252 2793 429 2868 Corporibus
440 2791 554 2870 Scyllas,
570 2807 597 2848 et
607 2809 701 2850 catera
713 2793 747 2849 de
759 2813 857 2870 genere
871 2793 987 2863 horum,

252 2874 331 2929 Inter
343 2871 367 2926 le
376 2891 498 2944 quorum
508 2870 646 2929 discordia
657 2875 782 2930 membra
794 2874 935 2931 videmus:

251 2954 325 3027 Quae
337 2969 426 3023 neque
441 2949 589 3009 florescunt
594 2952 707 3027 pariter,
720 2973 808 3028 neque
814 2954 1034 3013 roboralutnunt

252 3031 440 3107 Corporibus,
456 3050 545 3104 neque
560 3033 717 3108 projiciunt
727 3048 801 3090 aetate
815 3033 932 3092 teneda:

251 3113 311 3169 Nec
325 3109 407 3165 fimili
421 3130 520 3167 venere
533 3112 686 3178 ardescunt,
701 3134 750 3170 nec
761 3115 885 3174 moribus
895 3115 957 3171 unis

253 3190 447 3257 Conveniunt,
462 3210 511 3247 nec
521 3192 584 3248 lunt
597 3192 690 3248 cadem
698 3194 826 3270 jucunda
839 3211 986 3271 perettus.

253 3271 374 3348 Quippe
386 3270 481 3327 videre
495 3272 559 3329 licet
573 3272 749 3349 pinguescere
762 3274 831 3350 sape
847 3275 938 3332 cicuta

253 3351 415 3430 Barbigeras
426 3351 556 3430 pecudes,
569 3351 681 3417 bonini
693 3350 786 3434 quae'lt
797 3374 857 3429 acre
871 3376 1024 3417 vencnum.

725 3456 736 3480 ⁸
906 3437 1032 3495 Flamma
