<?xml version="1.0" encoding="UTF-8"?>
<!DOCTYPE html PUBLIC "-//W3C//DTD XHTML 1.0 Transitional//EN"
    "http://www.w3.org/TR/xhtml1/DTD/xhtml1-transitional.dtd">
<html xmlns="http://www.w3.org/1999/xhtml" xml:lang="en" lang="en">
 <head>
  <title>
</title>
<meta http-equiv="Content-Type" content="text/html;charset=utf-8" />
  <meta name='ocr-system' content='tesseract 3.04.00' />
  <meta name='ocr-capabilities' content='ocr_page ocr_carea ocr_par ocr_line ocrx_word'/>
</head>
<body>
  <div class='ocr_page' id='page_1' title='image "./titilucretiicar03carugoog_0176.png"; bbox 0 0 2359 3875; ppageno 0'>
   <div class='ocr_carea' id='block_1_1' title="bbox 209 419 817 491">
    <p class='ocr_par' dir='ltr' id='par_1_1' title="bbox 209 419 817 491">
     <span class='ocr_line' id='line_1_1' title="bbox 209 419 817 491; baseline 0.002 -3"><span class='ocrx_word' id='word_1_1' title='bbox 209 421 271 488; x_wconf 86' lang='lat'><strong>168</strong></span> <span class='ocrx_word' id='word_1_2' title='bbox 351 419 393 488; x_wconf 84' lang='lat' dir='ltr'><strong>T.</strong></span> <span class='ocrx_word' id='word_1_3' title='bbox 433 420 817 491; x_wconf 76' lang='lat' dir='ltr'><strong><em>LUCRETII</em></strong></span> 
     </span>
    </p>
   </div>
   <div class='ocr_carea' id='block_1_2' title="bbox 115 548 998 2875">
    <p class='ocr_par' dir='ltr' id='par_1_2' title="bbox 199 548 910 624">
     <span class='ocr_line' id='line_1_2' title="bbox 199 548 910 624; baseline 0.003 -23"><span class='ocrx_word' id='word_1_4' title='bbox 199 548 273 601; x_wconf 84' lang='lat' dir='ltr'><strong>Nam</strong></span> <span class='ocrx_word' id='word_1_5' title='bbox 284 548 385 624; x_wconf 91' lang='lat' dir='ltr'><strong>cupide</strong></span> <span class='ocrx_word' id='word_1_6' title='bbox 398 550 576 608; x_wconf 73' lang='lat' dir='ltr'><strong>conculcatur</strong></span> <span class='ocrx_word' id='word_1_7' title='bbox 587 548 673 605; x_wconf 87' lang='lat' dir='ltr'><strong>nimis</strong></span> <span class='ocrx_word' id='word_1_8' title='bbox 686 563 748 604; x_wconf 82' lang='lat' dir='ltr'><strong>ante</strong></span> <span class='ocrx_word' id='word_1_9' title='bbox 759 562 910 605; x_wconf 79' lang='lat' dir='ltr'><strong>morotum.</strong></span> 
     </span>
    </p>

    <p class='ocr_par' dir='ltr' id='par_1_3' title="bbox 203 626 974 776">
     <span class='ocr_line' id='line_1_3' title="bbox 203 626 974 704; baseline 0.004 -24"><span class='ocrx_word' id='word_1_10' title='bbox 203 627 260 681; x_wconf 87' lang='lat' dir='ltr'><strong>Res</strong></span> <span class='ocrx_word' id='word_1_11' title='bbox 289 631 382 704; x_wconf 84' lang='lat' dir='ltr'><strong>itaque</strong></span> <span class='ocrx_word' id='word_1_12' title='bbox 400 629 439 690; x_wconf 75' lang='lat' dir='ltr'><strong>ad</strong></span> <span class='ocrx_word' id='word_1_13' title='bbox 459 630 596 686; x_wconf 81' lang='lat' dir='ltr'><strong>summam</strong></span> <span class='ocrx_word' id='word_1_14' title='bbox 616 628 710 686; x_wconf 72' lang='lat' dir='ltr'><strong>fecem</strong></span> <span class='ocrx_word' id='word_1_15' title='bbox 731 628 878 703; x_wconf 81' lang='lat' dir='ltr'><strong>turbasque</strong></span> <span class='ocrx_word' id='word_1_16' title='bbox 900 626 974 684; x_wconf 87' lang='lat' dir='ltr'><strong>redi-</strong></span> 
     </span>
     <span class='ocr_line' id='line_1_4' title="bbox 284 710 528 776; baseline 0 -12"><span class='ocrx_word' id='word_1_17' title='bbox 284 710 341 776; x_wconf 84' lang='lat' dir='ltr'><strong>bat,</strong></span> <span class='ocrx_word' id='word_1_18' title='bbox 525 765 528 770; x_wconf 71' lang='grc'><strong>,</strong></span> 
     </span>
    </p>

    <p class='ocr_par' dir='ltr' id='par_1_4' title="bbox 202 788 985 865">
     <span class='ocr_line' id='line_1_5' title="bbox 202 788 985 865; baseline -0.006 -22"><span class='ocrx_word' id='word_1_19' title='bbox 202 788 360 863; x_wconf 87' lang='lat' dir='ltr'><strong>Imperium</strong></span> <span class='ocrx_word' id='word_1_20' title='bbox 369 790 419 847; x_wconf 55' lang='lat' dir='ltr'><strong>&gt;fibi</strong></span> <span class='ocrx_word' id='word_1_21' title='bbox 430 811 505 857; x_wconf 86' lang='lat' dir='ltr'><strong>cum,</strong></span> <span class='ocrx_word' id='word_1_22' title='bbox 515 812 546 850; x_wconf 86' lang='lat' dir='ltr'><strong>ac</strong></span> <span class='ocrx_word' id='word_1_23' title='bbox 561 790 726 846; x_wconf 83' lang='lat' dir='ltr'><strong>summatum</strong></span> <span class='ocrx_word' id='word_1_24' title='bbox 735 790 850 865; x_wconf 86' lang='lat' dir='ltr'><strong>quilque</strong></span> <span class='ocrx_word' id='word_1_25' title='bbox 862 788 985 864; x_wconf 73' lang='lat' dir='ltr'><strong>petebat.</strong></span> 
     </span>
    </p>

    <p class='ocr_par' dir='ltr' id='par_1_5' title="bbox 202 869 837 947">
     <span class='ocr_line' id='line_1_6' title="bbox 202 869 837 947; baseline 0.011 -26"><span class='ocrx_word' id='word_1_26' title='bbox 202 869 273 922; x_wconf 90' lang='lat' dir='ltr'><strong>Inde</strong></span> <span class='ocrx_word' id='word_1_27' title='bbox 285 870 473 947; x_wconf 75' lang='lat' dir='ltr'><strong>magistratum</strong></span> <span class='ocrx_word' id='word_1_28' title='bbox 488 872 590 947; x_wconf 87' lang='lat' dir='ltr'><strong>partim</strong></span> <span class='ocrx_word' id='word_1_29' title='bbox 604 870 723 926; x_wconf 82' lang='lat' dir='ltr'><strong>docuere</strong></span> <span class='ocrx_word' id='word_1_30' title='bbox 733 890 837 933; x_wconf 81' lang='lat' dir='ltr'><strong>creare,</strong></span> 
     </span>
    </p>

    <p class='ocr_par' dir='ltr' id='par_1_6' title="bbox 194 949 867 1025">
     <span class='ocr_line' id='line_1_7' title="bbox 194 949 867 1025; baseline 0 -22"><span class='ocrx_word' id='word_1_31' title='bbox 194 949 321 1023; x_wconf 86' lang='lat' dir='ltr'><strong>Juraque</strong></span> <span class='ocrx_word' id='word_1_32' title='bbox 336 951 511 1015; x_wconf 80' lang='lat' dir='ltr'><strong>conllituere‚</strong></span> <span class='ocrx_word' id='word_1_33' title='bbox 522 965 555 1007; x_wconf 88' lang='lat' dir='ltr'><strong>ut</strong></span> <span class='ocrx_word' id='word_1_34' title='bbox 568 952 672 1007; x_wconf 86' lang='lat' dir='ltr'><strong>vellent</strong></span> <span class='ocrx_word' id='word_1_35' title='bbox 685 951 793 1025; x_wconf 84' lang='lat' dir='ltr'><strong>legibus</strong></span> <span class='ocrx_word' id='word_1_36' title='bbox 807 949 867 1007; x_wconf 85' lang='lat' dir='ltr'><strong>uti:</strong></span> 
     </span>
    </p>

    <p class='ocr_par' dir='ltr' id='par_1_7' title="bbox 197 1028 951 1104">
     <span class='ocr_line' id='line_1_8' title="bbox 197 1028 951 1104; baseline -0.001 -21"><span class='ocrx_word' id='word_1_37' title='bbox 197 1030 273 1083; x_wconf 62' lang='lat' dir='ltr'><strong>&#39;Nam</strong></span> <span class='ocrx_word' id='word_1_38' title='bbox 289 1048 373 1104; x_wconf 83' lang='lat' dir='ltr'><strong>genus</strong></span> <span class='ocrx_word' id='word_1_39' title='bbox 387 1029 541 1089; x_wconf 86' lang='lat' dir='ltr'><strong>humanum</strong></span> <span class='ocrx_word' id='word_1_40' title='bbox 555 1028 688 1086; x_wconf 87' lang='lat' dir='ltr'><strong>defellum</strong></span> <span class='ocrx_word' id='word_1_41' title='bbox 701 1032 731 1086; x_wconf 94' lang='lat' dir='ltr'><strong>vi</strong></span> <span class='ocrx_word' id='word_1_42' title='bbox 744 1032 834 1086; x_wconf 85' lang='lat' dir='ltr'><strong>colere</strong></span> <span class='ocrx_word' id='word_1_43' title='bbox 847 1047 951 1092; x_wconf 70' lang='lat' dir='ltr'><strong>avum,</strong></span> 
     </span>
    </p>

    <p class='ocr_par' dir='ltr' id='par_1_8' title="bbox 201 1108 954 1187">
     <span class='ocr_line' id='line_1_9' title="bbox 201 1108 954 1187; baseline 0.004 -25"><span class='ocrx_word' id='word_1_44' title='bbox 201 1108 246 1163; x_wconf 89' lang='lat' dir='ltr'><strong>Ex</strong></span> <span class='ocrx_word' id='word_1_45' title='bbox 259 1110 418 1168; x_wconf 83' lang='lat' dir='ltr'><strong>inimicitiis</strong></span> <span class='ocrx_word' id='word_1_46' title='bbox 432 1113 596 1187; x_wconf 80' lang='lat' dir='ltr'><strong>languebat3</strong></span> <span class='ocrx_word' id='word_1_47' title='bbox 613 1130 669 1185; x_wconf 91' lang='lat' dir='ltr'><strong>quo</strong></span> <span class='ocrx_word' id='word_1_48' title='bbox 680 1112 767 1185; x_wconf 81' lang='lat' dir='ltr'><strong>magis</strong></span> <span class='ocrx_word' id='word_1_49' title='bbox 777 1110 872 1186; x_wconf 88' lang='lat' dir='ltr'><strong>ipsum</strong></span> <span class='ocrx_word' id='word_1_50' title='bbox 949 1115 954 1125; x_wconf 98' lang='grc'><strong><em>’</em></strong></span> 
     </span>
    </p>

    <p class='ocr_par' dir='ltr' id='par_1_9' title="bbox 203 1188 864 1267">
     <span class='ocr_line' id='line_1_10' title="bbox 203 1188 864 1267; baseline 0.003 -24"><span class='ocrx_word' id='word_1_51' title='bbox 203 1190 368 1265; x_wconf 74' lang='lat' dir='ltr'><strong>Spontelua</strong></span> <span class='ocrx_word' id='word_1_52' title='bbox 382 1188 772 1267; x_wconf 71' lang='lat' dir='ltr'><strong>cecidicsub.1eges‚arttaque</strong></span> <span class='ocrx_word' id='word_1_53' title='bbox 786 1193 864 1266; x_wconf 83' lang='lat' dir='ltr'><strong>jura.</strong></span> 
     </span>
    </p>

    <p class='ocr_par' dir='ltr' id='par_1_10' title="bbox 199 1270 964 1347">
     <span class='ocr_line' id='line_1_11' title="bbox 199 1270 964 1347; baseline 0.004 -23"><span class='ocrx_word' id='word_1_54' title='bbox 199 1270 306 1327; x_wconf 83' lang='lat' dir='ltr'><strong>Acrius</strong></span> <span class='ocrx_word' id='word_1_55' title='bbox 317 1291 352 1326; x_wconf 86' lang='lat' dir='ltr'><strong>ex</strong></span> <span class='ocrx_word' id='word_1_56' title='bbox 365 1273 407 1327; x_wconf 86' lang='lat' dir='ltr'><strong>ira</strong></span> <span class='ocrx_word' id='word_1_57' title='bbox 419 1272 497 1347; x_wconf 92' lang='lat' dir='ltr'><strong>quod</strong></span> <span class='ocrx_word' id='word_1_58' title='bbox 508 1272 582 1327; x_wconf 90' lang='lat' dir='ltr'><strong>enim</strong></span> <span class='ocrx_word' id='word_1_59' title='bbox 598 1270 749 1343; x_wconf 78' lang='lat' dir='ltr'><strong>[equisque</strong></span> <span class='ocrx_word' id='word_1_60' title='bbox 764 1271 881 1343; x_wconf 85' lang='lat' dir='ltr'><strong>parabat</strong></span> <span class='ocrx_word' id='word_1_61' title='bbox 962 1324 964 1327; x_wconf 88' lang='lat'>.</span> 
     </span>
    </p>

    <p class='ocr_par' dir='ltr' id='par_1_11' title="bbox 115 1347 940 1428">
     <span class='ocr_line' id='line_1_12' title="bbox 115 1347 940 1428; baseline -0.002 -21"><span class='ocrx_word' id='word_1_62' title='bbox 115 1419 119 1428; x_wconf 28' lang='lat'><em>4</em></span> <span class='ocrx_word' id='word_1_63' title='bbox 175 1362 179 1369; x_wconf 78' lang='lat'><strong><em>‘</em></strong></span> <span class='ocrx_word' id='word_1_64' title='bbox 200 1350 318 1418; x_wconf 82' lang='lat' dir='ltr'><strong>Ulcisci,</strong></span> <span class='ocrx_word' id='word_1_65' title='bbox 333 1371 416 1425; x_wconf 85' lang='lat' dir='ltr'><strong>quam</strong></span> <span class='ocrx_word' id='word_1_66' title='bbox 429 1372 504 1408; x_wconf 82' lang='lat' dir='ltr'><strong>nunc</strong></span> <span class='ocrx_word' id='word_1_67' title='bbox 514 1347 701 1410; x_wconf 80' lang='lat' dir='ltr'><strong>concellum&#39;ll</strong></span> <span class='ocrx_word' id='word_1_68' title='bbox 715 1351 822 1424; x_wconf 77' lang='lat' dir='ltr'><strong>legibus</strong></span> <span class='ocrx_word' id='word_1_69' title='bbox 836 1351 940 1424; x_wconf 78' lang='lat' dir='ltr'><strong>aeqnir3</strong></span> 
     </span>
    </p>

    <p class='ocr_par' dir='ltr' id='par_1_12' title="bbox 198 1427 983 1504">
     <span class='ocr_line' id='line_1_13' title="bbox 198 1427 983 1504; baseline 0 -19"><span class='ocrx_word' id='word_1_70' title='bbox 198 1430 281 1487; x_wconf 87' lang='lat' dir='ltr'><strong>Hanc</strong></span> <span class='ocrx_word' id='word_1_71' title='bbox 292 1434 330 1490; x_wconf 92' lang='lat' dir='ltr'><strong>ob</strong></span> <span class='ocrx_word' id='word_1_72' title='bbox 344 1427 433 1488; x_wconf 86' lang='lat' dir='ltr'><strong>rem&#39;ll</strong></span> <span class='ocrx_word' id='word_1_73' title='bbox 443 1429 569 1486; x_wconf 86' lang='lat' dir='ltr'><strong>homines</strong></span> <span class='ocrx_word' id='word_1_74' title='bbox 581 1429 722 1504; x_wconf 84' lang='lat' dir='ltr'><strong>pertaesum</strong></span> <span class='ocrx_word' id='word_1_75' title='bbox 734 1431 762 1487; x_wconf 89' lang='lat' dir='ltr'><strong>vi</strong></span> <span class='ocrx_word' id='word_1_76' title='bbox 773 1433 861 1487; x_wconf 86' lang='lat' dir='ltr'><strong>colere</strong></span> <span class='ocrx_word' id='word_1_77' title='bbox 875 1450 983 1487; x_wconf 77' lang='lat' dir='ltr'><strong>avum:</strong></span> 
     </span>
    </p>

    <p class='ocr_par' dir='ltr' id='par_1_13' title="bbox 200 1511 995 1584">
     <span class='ocr_line' id='line_1_14' title="bbox 200 1511 995 1584; baseline -0.003 -17"><span class='ocrx_word' id='word_1_78' title='bbox 200 1511 285 1567; x_wconf 84' lang='lat' dir='ltr'><strong>Unde</strong></span> <span class='ocrx_word' id='word_1_79' title='bbox 296 1526 384 1567; x_wconf 79' lang='lat' dir='ltr'><strong>metus</strong></span> <span class='ocrx_word' id='word_1_80' title='bbox 400 1512 520 1565; x_wconf 86' lang='lat' dir='ltr'><strong>maculat</strong></span> <span class='ocrx_word' id='word_1_81' title='bbox 532 1527 680 1584; x_wconf 83' lang='lat' dir='ltr'><strong>poenarum</strong></span> <span class='ocrx_word' id='word_1_82' title='bbox 693 1511 809 1583; x_wconf 81' lang='lat' dir='ltr'><strong>praemia</strong></span> <span class='ocrx_word' id='word_1_83' title='bbox 820 1511 897 1567; x_wconf 82' lang='lat' dir='ltr'><strong>vitae.</strong></span> <span class='ocrx_word' id='word_1_84' title='bbox 990 1518 995 1526; x_wconf 87' lang='lat'>&#39;</span> 
     </span>
    </p>

    <p class='ocr_par' dir='ltr' id='par_1_14' title="bbox 199 1590 901 1664">
     <span class='ocr_line' id='line_1_15' title="bbox 199 1590 901 1664; baseline -0.001 -18"><span class='ocrx_word' id='word_1_85' title='bbox 199 1592 381 1646; x_wconf 83' lang='lat' dir='ltr'><strong>Circumretit</strong></span> <span class='ocrx_word' id='word_1_86' title='bbox 394 1591 469 1645; x_wconf 83' lang='lat' dir='ltr'><strong>enirn</strong></span> <span class='ocrx_word' id='word_1_87' title='bbox 483 1591 621 1663; x_wconf 69' lang='lat' dir='ltr'><strong>visatquc</strong></span> <span class='ocrx_word' id='word_1_88' title='bbox 634 1590 738 1663; x_wconf 84' lang='lat' dir='ltr'><strong>injuria</strong></span> <span class='ocrx_word' id='word_1_89' title='bbox 752 1608 901 1664; x_wconf 80' lang='lat' dir='ltr'><strong>quemque,</strong></span> 
     </span>
    </p>

    <p class='ocr_par' dir='ltr' id='par_1_15' title="bbox 198 1666 986 1815">
     <span class='ocr_line' id='line_1_16' title="bbox 198 1666 986 1745; baseline 0.001 -18"><span class='ocrx_word' id='word_1_90' title='bbox 198 1673 305 1745; x_wconf 78' lang='lat' dir='ltr'><strong>Atque,</strong></span> <span class='ocrx_word' id='word_1_91' title='bbox 322 1670 395 1726; x_wconf 91' lang='lat' dir='ltr'><strong>unde</strong></span> <span class='ocrx_word' id='word_1_92' title='bbox 417 1666 555 1734; x_wconf 77' lang='lat' dir='ltr'><strong>exorta&#39;ll,</strong></span> <span class='ocrx_word' id='word_1_93' title='bbox 577 1670 691 1724; x_wconf 80' lang='lat' dir='ltr'><strong>adeum</strong></span> <span class='ocrx_word' id='word_1_94' title='bbox 712 1670 881 1743; x_wconf 81' lang='lat' dir='ltr'><strong>plerumque</strong></span> <span class='ocrx_word' id='word_1_95' title='bbox 894 1666 986 1728; x_wconf 83' lang='lat' dir='ltr'><strong>rever·</strong></span> 
     </span>
     <span class='ocr_line' id='line_1_17' title="bbox 283 1751 737 1815; baseline -0.002 -9"><span class='ocrx_word' id='word_1_96' title='bbox 283 1751 333 1815; x_wconf 83' lang='lat' dir='ltr'><strong>tit;</strong></span> <span class='ocrx_word' id='word_1_97' title='bbox 735 1763 737 1767; x_wconf 56' lang='lat'><em>⁴</em></span> 
     </span>
    </p>

    <p class='ocr_par' dir='ltr' id='par_1_16' title="bbox 199 1819 942 1909">
     <span class='ocr_line' id='line_1_18' title="bbox 199 1819 942 1909; baseline 0.003 -21"><span class='ocrx_word' id='word_1_98' title='bbox 199 1835 259 1888; x_wconf 84' lang='lat' dir='ltr'><strong>Nec</strong></span> <span class='ocrx_word' id='word_1_99' title='bbox 273 1826 385 1887; x_wconf 82' lang='lat' dir='ltr'><strong>facil&#39;eli</strong></span> <span class='ocrx_word' id='word_1_100' title='bbox 399 1830 540 1905; x_wconf 74' lang='lat' dir='ltr'><strong>placidam</strong></span> <span class='ocrx_word' id='word_1_101' title='bbox 554 1852 584 1887; x_wconf 85' lang='lat' dir='ltr'><strong>ac</strong></span> <span class='ocrx_word' id='word_1_102' title='bbox 596 1847 719 1906; x_wconf 79' lang='lat' dir='ltr'><strong>pacatam</strong></span> <span class='ocrx_word' id='word_1_103' title='bbox 733 1819 942 1909; x_wconf 57' lang='lat' dir='ltr'><strong>degentium,</strong></span> 
     </span>
    </p>

    <p class='ocr_par' dir='ltr' id='par_1_17' title="bbox 201 1910 837 1991">
     <span class='ocr_line' id='line_1_19' title="bbox 201 1910 837 1991; baseline -0.003 -21"><span class='ocrx_word' id='word_1_104' title='bbox 201 1914 262 1990; x_wconf 74' lang='lat' dir='ltr'><strong>Qui</strong></span> <span class='ocrx_word' id='word_1_105' title='bbox 277 1912 361 1969; x_wconf 84' lang='lat' dir='ltr'><strong>violat</strong></span> <span class='ocrx_word' id='word_1_106' title='bbox 374 1910 451 1968; x_wconf 72' lang='lat' dir='ltr'><strong>fattis</strong></span> <span class='ocrx_word' id='word_1_107' title='bbox 464 1914 623 1968; x_wconf 87' lang='lat' dir='ltr'><strong>communia</strong></span> <span class='ocrx_word' id='word_1_108' title='bbox 636 1912 736 1971; x_wconf 85' lang='lat' dir='ltr'><strong>foedera</strong></span> <span class='ocrx_word' id='word_1_109' title='bbox 751 1912 837 1991; x_wconf 77' lang='lat' dir='ltr'><strong>pacis.</strong></span> 
     </span>
    </p>

    <p class='ocr_par' dir='ltr' id='par_1_18' title="bbox 197 1991 879 2069">
     <span class='ocr_line' id='line_1_20' title="bbox 197 1991 879 2069; baseline 0 -20"><span class='ocrx_word' id='word_1_110' title='bbox 197 1995 254 2051; x_wconf 82' lang='lat' dir='ltr'><strong>Erli</strong></span> <span class='ocrx_word' id='word_1_111' title='bbox 268 1994 338 2052; x_wconf 82' lang='lat' dir='ltr'><strong>fallit</strong></span> <span class='ocrx_word' id='word_1_112' title='bbox 351 1993 426 2049; x_wconf 83' lang='lat' dir='ltr'><strong>enirn</strong></span> <span class='ocrx_word' id='word_1_113' title='bbox 440 1992 541 2056; x_wconf 85' lang='lat' dir='ltr'><strong>divum</strong></span> <span class='ocrx_word' id='word_1_114' title='bbox 556 2011 642 2067; x_wconf 84' lang='lat' dir='ltr'><strong>genus</strong></span> <span class='ocrx_word' id='word_1_115' title='bbox 656 1991 879 2069; x_wconf 81' lang='lat' dir='ltr'><strong>humanumque,</strong></span> 
     </span>
    </p>

    <p class='ocr_par' dir='ltr' id='par_1_19' title="bbox 198 2071 889 2152">
     <span class='ocr_line' id='line_1_21' title="bbox 198 2071 889 2152; baseline -0.006 -21"><span class='ocrx_word' id='word_1_116' title='bbox 198 2076 339 2152; x_wconf 81' lang='lat' dir='ltr'><strong>Perpetuo</strong></span> <span class='ocrx_word' id='word_1_117' title='bbox 352 2089 441 2128; x_wconf 86' lang='lat' dir='ltr'><strong>tamen</strong></span> <span class='ocrx_word' id='word_1_118' title='bbox 455 2071 484 2128; x_wconf 92' lang='lat' dir='ltr'><strong>id</strong></span> <span class='ocrx_word' id='word_1_119' title='bbox 498 2071 556 2128; x_wconf 85' lang='lat' dir='ltr'><strong>fore</strong></span> <span class='ocrx_word' id='word_1_120' title='bbox 570 2076 640 2128; x_wconf 81' lang='lat' dir='ltr'><strong>clam</strong></span> <span class='ocrx_word' id='word_1_121' title='bbox 655 2073 780 2130; x_wconf 86' lang='lat' dir='ltr'><strong>diffidere</strong></span> <span class='ocrx_word' id='word_1_122' title='bbox 793 2075 889 2130; x_wconf 85' lang='lat' dir='ltr'><strong>debet:</strong></span> 
     </span>
    </p>

    <p class='ocr_par' dir='ltr' id='par_1_20' title="bbox 200 2152 998 2233">
     <span class='ocr_line' id='line_1_22' title="bbox 200 2152 998 2233; baseline 0.003 -22"><span class='ocrx_word' id='word_1_123' title='bbox 200 2157 323 2233; x_wconf 72' lang='lat' dir='ltr'><strong>Quippe</strong></span> <span class='ocrx_word' id='word_1_124' title='bbox 337 2155 385 2210; x_wconf 88' lang='lat' dir='ltr'><strong>nbi</strong></span> <span class='ocrx_word' id='word_1_125' title='bbox 400 2152 424 2207; x_wconf 86' lang='lat' dir='ltr'><strong>lc</strong></span> <span class='ocrx_word' id='word_1_126' title='bbox 437 2153 519 2208; x_wconf 84' lang='lat' dir='ltr'><strong>multi</strong></span> <span class='ocrx_word' id='word_1_127' title='bbox 533 2173 583 2228; x_wconf 85' lang='lat' dir='ltr'><strong>per</strong></span> <span class='ocrx_word' id='word_1_128' title='bbox 596 2153 703 2210; x_wconf 84' lang='lat' dir='ltr'><strong>somnia</strong></span> <span class='ocrx_word' id='word_1_129' title='bbox 716 2153 784 2231; x_wconf 82' lang='lat' dir='ltr'><strong>saepe</strong></span> <span class='ocrx_word' id='word_1_130' title='bbox 797 2156 954 2230; x_wconf 78' lang='lat' dir='ltr'><strong>loquentes,</strong></span> <span class='ocrx_word' id='word_1_131' title='bbox 996 2172 998 2177; x_wconf 88' lang='lat'>&#39;</span> 
     </span>
    </p>

    <p class='ocr_par' dir='ltr' id='par_1_21' title="bbox 147 2229 832 2309">
     <span class='ocr_line' id='line_1_23' title="bbox 147 2229 832 2309; baseline -0.003 -17"><span class='ocrx_word' id='word_1_132' title='bbox 147 2229 152 2235; x_wconf 54' lang='grc'><strong>’</strong></span> <span class='ocrx_word' id='word_1_133' title='bbox 197 2233 528 2292; x_wconf 75' lang='lat' dir='ltr'><strong>Autmorbodelirantes</strong></span> <span class='ocrx_word' id='word_1_134' title='bbox 542 2252 676 2309; x_wconf 81' lang='lat' dir='ltr'><strong>procraxc</strong></span> <span class='ocrx_word' id='word_1_135' title='bbox 688 2232 832 2301; x_wconf 83' lang='lat' dir='ltr'><strong>ferantur,&#39;</strong></span> 
     </span>
    </p>

    <p class='ocr_par' dir='ltr' id='par_1_22' title="bbox 199 2312 824 2389">
     <span class='ocr_line' id='line_1_24' title="bbox 199 2312 824 2389; baseline 0.002 -19"><span class='ocrx_word' id='word_1_136' title='bbox 199 2317 324 2376; x_wconf 83' lang='lat' dir='ltr'><strong>Etcelata</strong></span> <span class='ocrx_word' id='word_1_137' title='bbox 339 2314 389 2371; x_wconf 91' lang='lat' dir='ltr'><strong>diu</strong></span> <span class='ocrx_word' id='word_1_138' title='bbox 402 2314 434 2369; x_wconf 87' lang='lat' dir='ltr'><strong>iu</strong></span> <span class='ocrx_word' id='word_1_139' title='bbox 447 2312 570 2369; x_wconf 89' lang='lat' dir='ltr'><strong>medium</strong></span> <span class='ocrx_word' id='word_1_140' title='bbox 585 2330 695 2389; x_wconf 82' lang='lat' dir='ltr'><strong>peccata</strong></span> <span class='ocrx_word' id='word_1_141' title='bbox 708 2314 824 2373; x_wconf 83' lang='lat' dir='ltr'><strong>dedille.</strong></span> 
     </span>
    </p>

    <p class='ocr_par' dir='ltr' id='par_1_23' title="bbox 241 2391 997 2474">
     <span class='ocr_line' id='line_1_25' title="bbox 241 2391 997 2474; baseline 0.003 -22"><span class='ocrx_word' id='word_1_142' title='bbox 241 2398 324 2452; x_wconf 89' lang='lat' dir='ltr'><strong>Nunc</strong></span> <span class='ocrx_word' id='word_1_143' title='bbox 338 2415 397 2468; x_wconf 82' lang='lat' dir='ltr'><strong>quae</strong></span> <span class='ocrx_word' id='word_1_144' title='bbox 411 2391 489 2449; x_wconf 87' lang='lat' dir='ltr'><strong>causa</strong></span> <span class='ocrx_word' id='word_1_145' title='bbox 500 2393 591 2451; x_wconf 87' lang='lat' dir='ltr'><strong>Deum</strong></span> <span class='ocrx_word' id='word_1_146' title='bbox 602 2413 653 2470; x_wconf 87' lang='lat' dir='ltr'><strong>per</strong></span> <span class='ocrx_word' id='word_1_147' title='bbox 665 2414 777 2472; x_wconf 81' lang='lat' dir='ltr'><strong>magnas</strong></span> <span class='ocrx_word' id='word_1_148' title='bbox 790 2396 997 2474; x_wconf 78' lang='lat' dir='ltr'><strong>numinagen·-</strong></span> 
     </span>
    </p>

    <p class='ocr_par' dir='ltr' id='par_1_24' title="bbox 282 2488 931 2532">
     <span class='ocr_line' id='line_1_26' title="bbox 282 2488 931 2532; baseline -0.003 0"><span class='ocrx_word' id='word_1_149' title='bbox 282 2493 331 2532; x_wconf 82' lang='lat' dir='ltr'><strong>teis</strong></span> <span class='ocrx_word' id='word_1_150' title='bbox 690 2488 693 2493; x_wconf 83' lang='lat'>&#39;</span> <span class='ocrx_word' id='word_1_151' title='bbox 928 2505 931 2512; x_wconf 94' lang='lat'><em>·</em></span> 
     </span>
    </p>

    <p class='ocr_par' dir='ltr' id='par_1_25' title="bbox 197 2553 893 2633">
     <span class='ocr_line' id='line_1_27' title="bbox 197 2553 893 2633; baseline -0.003 -18"><span class='ocrx_word' id='word_1_152' title='bbox 197 2555 383 2633; x_wconf 75' lang='lat' dir='ltr'><strong>Pervolgarit‚</strong></span> <span class='ocrx_word' id='word_1_153' title='bbox 399 2573 425 2611; x_wconf 86' lang='lat' dir='ltr'><strong>et</strong></span> <span class='ocrx_word' id='word_1_154' title='bbox 439 2576 550 2612; x_wconf 86' lang='lat' dir='ltr'><strong>ararum</strong></span> <span class='ocrx_word' id='word_1_155' title='bbox 563 2557 747 2630; x_wconf 83' lang='lat' dir='ltr'><strong>compleverit</strong></span> <span class='ocrx_word' id='word_1_156' title='bbox 760 2558 863 2624; x_wconf 79' lang='lat' dir='ltr'><strong>urbeis,</strong></span> <span class='ocrx_word' id='word_1_157' title='bbox 887 2553 893 2558; x_wconf 45' lang='lat'>⁰</span> 
     </span>
    </p>

    <p class='ocr_par' dir='ltr' id='par_1_26' title="bbox 197 2637 857 2714">
     <span class='ocr_line' id='line_1_28' title="bbox 197 2637 857 2714; baseline 0.005 -20"><span class='ocrx_word' id='word_1_158' title='bbox 197 2637 432 2714; x_wconf 77' lang='lat' dir='ltr'><strong>suscipiendaque</strong></span> <span class='ocrx_word' id='word_1_159' title='bbox 445 2637 548 2693; x_wconf 86' lang='lat' dir='ltr'><strong>curarit</strong></span> <span class='ocrx_word' id='word_1_160' title='bbox 561 2637 696 2691; x_wconf 84' lang='lat' dir='ltr'><strong>sollennia</strong></span> <span class='ocrx_word' id='word_1_161' title='bbox 707 2637 790 2702; x_wconf 73' lang='lat' dir='ltr'><strong>lucra,</strong></span> <span class='ocrx_word' id='word_1_162' title='bbox 852 2670 857 2697; x_wconf 78' lang='lat' dir='ltr'><strong>i</strong></span> 
     </span>
    </p>

    <p class='ocr_par' dir='ltr' id='par_1_27' title="bbox 198 2713 984 2875">
     <span class='ocr_line' id='line_1_29' title="bbox 198 2713 984 2796; baseline -0.001 -21"><span class='ocrx_word' id='word_1_163' title='bbox 198 2727 221 2748; x_wconf 82' lang='lat'><em>“</em></span> <span class='ocrx_word' id='word_1_164' title='bbox 240 2723 313 2796; x_wconf 72' lang='lat' dir='ltr'><strong>Quo,</strong></span> <span class='ocrx_word' id='word_1_165' title='bbox 326 2737 401 2783; x_wconf 86' lang='lat' dir='ltr'><strong>nuuc</strong></span> <span class='ocrx_word' id='word_1_166' title='bbox 414 2717 444 2772; x_wconf 87' lang='lat' dir='ltr'><strong>iu</strong></span> <span class='ocrx_word' id='word_1_167' title='bbox 464 2717 572 2791; x_wconf 86' lang='lat' dir='ltr'><strong>maguis</strong></span> <span class='ocrx_word' id='word_1_168' title='bbox 586 2717 686 2773; x_wconf 86' lang='lat' dir='ltr'><strong>florent</strong></span> <span class='ocrx_word' id='word_1_169' title='bbox 707 2716 779 2778; x_wconf 79' lang='lat' dir='ltr'><strong>sacra</strong></span> <span class='ocrx_word' id='word_1_170' title='bbox 792 2713 892 2785; x_wconf 47' lang='lat' dir='ltr'><strong>&#39;rebu&#39;s</strong></span> <span class='ocrx_word' id='word_1_171' title='bbox 904 2718 984 2776; x_wconf 81' lang='lat' dir='ltr'><strong>locis·</strong></span> 
     </span>
     <span class='ocr_line' id='line_1_30' title="bbox 278 2818 788 2875; baseline -0.006 -18"><span class='ocrx_word' id='word_1_172' title='bbox 278 2818 348 2875; x_wconf 78' lang='lat' dir='ltr'><strong>quet</strong></span> <span class='ocrx_word' id='word_1_173' title='bbox 785 2827 788 2833; x_wconf 95' lang='lat'>·</span> 
     </span>
    </p>
   </div>
   <div class='ocr_carea' id='block_1_3' title="bbox 195 2871 1001 3439">
    <p class='ocr_par' dir='ltr' id='par_1_28' title="bbox 196 2871 927 3038">
     <span class='ocr_line' id='line_1_31' title="bbox 199 2871 927 2946; baseline 0.004 -11"><span class='ocrx_word' id='word_1_174' title='bbox 199 2879 284 2936; x_wconf 82' lang='lat' dir='ltr'><strong>Unde</strong></span> <span class='ocrx_word' id='word_1_175' title='bbox 296 2881 378 2934; x_wconf 84' lang='lat' dir='ltr'><strong>etiam</strong></span> <span class='ocrx_word' id='word_1_176' title='bbox 392 2897 467 2933; x_wconf 88' lang='lat' dir='ltr'><strong>nunc</strong></span> <span class='ocrx_word' id='word_1_177' title='bbox 480 2875 515 2932; x_wconf 83' lang='lat' dir='ltr'><strong>cli</strong></span> <span class='ocrx_word' id='word_1_178' title='bbox 531 2878 696 2935; x_wconf 84' lang='lat' dir='ltr'><strong>mortalibus</strong></span> <span class='ocrx_word' id='word_1_179' title='bbox 710 2879 805 2935; x_wconf 81' lang='lat' dir='ltr'><strong>inlitus</strong></span> <span class='ocrx_word' id='word_1_180' title='bbox 814 2871 927 2946; x_wconf 73' lang='lat' dir='ltr'><strong>horror.</strong></span> 
     </span>
     <span class='ocr_line' id='line_1_32' title="bbox 196 2956 881 3038; baseline 0 -25"><span class='ocrx_word' id='word_1_181' title='bbox 196 2960 259 3038; x_wconf 68' lang='lat' dir='ltr'><strong>Qui</strong></span> <span class='ocrx_word' id='word_1_182' title='bbox 273 2958 389 3019; x_wconf 87' lang='lat' dir='ltr'><strong>delubra</strong></span> <span class='ocrx_word' id='word_1_183' title='bbox 403 2956 496 3013; x_wconf 87' lang='lat' dir='ltr'><strong>Deum</strong></span> <span class='ocrx_word' id='word_1_184' title='bbox 510 2976 583 3013; x_wconf 85' lang='lat' dir='ltr'><strong>nova</strong></span> <span class='ocrx_word' id='word_1_185' title='bbox 597 2973 654 3013; x_wconf 82' lang='lat' dir='ltr'><strong>toto</strong></span> <span class='ocrx_word' id='word_1_186' title='bbox 668 2957 774 3015; x_wconf 81' lang='lat' dir='ltr'><strong>suscitat</strong></span> <span class='ocrx_word' id='word_1_187' title='bbox 786 2960 849 3019; x_wconf 75' lang='lat' dir='ltr'><strong>orbi</strong></span> <span class='ocrx_word' id='word_1_188' title='bbox 867 3004 881 3017; x_wconf 77' lang='grc'><strong>,,</strong></span> 
     </span>
    </p>

    <p class='ocr_par' dir='ltr' id='par_1_29' title="bbox 196 3036 1001 3356">
     <span class='ocr_line' id='line_1_33' title="bbox 198 3036 920 3111; baseline -0.001 -15"><span class='ocrx_word' id='word_1_189' title='bbox 198 3041 296 3096; x_wconf 75' lang='lat' dir='ltr'><strong>Terror</strong></span> <span class='ocrx_word' id='word_1_190' title='bbox 305 3060 363 3094; x_wconf 77' lang='lat' dir='ltr'><strong>um.</strong></span> <span class='ocrx_word' id='word_1_191' title='bbox 380 3051 405 3092; x_wconf 83' lang='lat' dir='ltr'><strong>et</strong></span> <span class='ocrx_word' id='word_1_192' title='bbox 418 3036 490 3101; x_wconf 76' lang='lat' dir='ltr'><strong>follia</strong></span> <span class='ocrx_word' id='word_1_193' title='bbox 504 3036 578 3111; x_wconf 85' lang='lat' dir='ltr'><strong>cogit</strong></span> <span class='ocrx_word' id='word_1_194' title='bbox 591 3039 729 3098; x_wconf 84' lang='lat' dir='ltr'><strong>celebrare</strong></span> <span class='ocrx_word' id='word_1_195' title='bbox 741 3038 855 3095; x_wconf 85' lang='lat' dir='ltr'><strong>diebus:</strong></span> <span class='ocrx_word' id='word_1_196' title='bbox 891 3074 894 3079; x_wconf 94' lang='lat'>-</span> <span class='ocrx_word' id='word_1_197' title='bbox 916 3070 920 3095; x_wconf 89' lang='lat'><strong>·.</strong></span> 
     </span>
     <span class='ocr_line' id='line_1_34' title="bbox 198 3112 874 3176; baseline -0.003 0"><span class='ocrx_word' id='word_1_198' title='bbox 198 3121 264 3176; x_wconf 88' lang='lat' dir='ltr'><strong>Non</strong></span> <span class='ocrx_word' id='word_1_199' title='bbox 279 3120 316 3174; x_wconf 86' lang='lat' dir='ltr'><strong>ita</strong></span> <span class='ocrx_word' id='word_1_200' title='bbox 330 3112 475 3174; x_wconf 81' lang='lat' dir='ltr'><strong>difficile&#39;ll</strong></span> <span class='ocrx_word' id='word_1_201' title='bbox 488 3119 626 3174; x_wconf 87' lang='lat' dir='ltr'><strong>rationem</strong></span> <span class='ocrx_word' id='word_1_202' title='bbox 639 3117 754 3174; x_wconf 81' lang='lat' dir='ltr'><strong>reddere</strong></span> <span class='ocrx_word' id='word_1_203' title='bbox 768 3120 874 3174; x_wconf 76' lang='lat' dir='ltr'><strong>verbis.</strong></span> 
     </span>
     <span class='ocr_line' id='line_1_35' title="bbox 198 3198 1001 3277; baseline 0.001 -21"><span class='ocrx_word' id='word_1_204' title='bbox 198 3202 318 3277; x_wconf 73' lang='lat' dir='ltr'><strong>Quippe</strong></span> <span class='ocrx_word' id='word_1_205' title='bbox 332 3200 436 3256; x_wconf 74' lang='lat' dir='ltr'><strong>etenim</strong></span> <span class='ocrx_word' id='word_1_206' title='bbox 445 3198 505 3272; x_wconf 83' lang='lat' dir='ltr'><strong>jam</strong></span> <span class='ocrx_word' id='word_1_207' title='bbox 520 3213 580 3254; x_wconf 87' lang='lat' dir='ltr'><strong>tum</strong></span> <span class='ocrx_word' id='word_1_208' title='bbox 594 3198 694 3254; x_wconf 88' lang='lat' dir='ltr'><strong>divum</strong></span> <span class='ocrx_word' id='word_1_209' title='bbox 708 3200 838 3255; x_wconf 77' lang='lat' dir='ltr'><strong>mortalia</strong></span> <span class='ocrx_word' id='word_1_210' title='bbox 851 3199 927 3257; x_wconf 75' lang='lat' dir='ltr'><strong>saetla</strong></span> <span class='ocrx_word' id='word_1_211' title='bbox 997 3207 1001 3213; x_wconf 85' lang='lat'>&#39;</span> 
     </span>
     <span class='ocr_line' id='line_1_36' title="bbox 196 3276 921 3356; baseline -0.001 -20"><span class='ocrx_word' id='word_1_212' title='bbox 196 3280 328 3356; x_wconf 80' lang='lat' dir='ltr'><strong>Egregios</strong></span> <span class='ocrx_word' id='word_1_213' title='bbox 337 3279 430 3335; x_wconf 87' lang='lat' dir='ltr'><strong>animo</strong></span> <span class='ocrx_word' id='word_1_214' title='bbox 444 3276 524 3334; x_wconf 84' lang='lat' dir='ltr'><strong>facies</strong></span> <span class='ocrx_word' id='word_1_215' title='bbox 539 3279 674 3352; x_wconf 86' lang='lat' dir='ltr'><strong>vigilante</strong></span> <span class='ocrx_word' id='word_1_216' title='bbox 688 3277 833 3344; x_wconf 80' lang='lat' dir='ltr'><strong>videbant,</strong></span> <span class='ocrx_word' id='word_1_217' title='bbox 918 3310 921 3317; x_wconf 71' lang='grc'><em>»</em></span> 
     </span>
    </p>

    <p class='ocr_par' dir='ltr' id='par_1_30' title="bbox 195 3356 885 3439">
     <span class='ocr_line' id='line_1_37' title="bbox 195 3356 885 3439; baseline -0.003 -21"><span class='ocrx_word' id='word_1_218' title='bbox 195 3363 235 3418; x_wconf 82' lang='lat' dir='ltr'><strong>Et</strong></span> <span class='ocrx_word' id='word_1_219' title='bbox 244 3361 333 3439; x_wconf 81' lang='lat' dir='ltr'><strong>magis</strong></span> <span class='ocrx_word' id='word_1_220' title='bbox 347 3360 379 3416; x_wconf 89' lang='lat' dir='ltr'><strong>in</strong></span> <span class='ocrx_word' id='word_1_221' title='bbox 393 3357 496 3414; x_wconf 77' lang='lat' dir='ltr'><strong>somnis</strong></span> <span class='ocrx_word' id='word_1_222' title='bbox 509 3356 642 3414; x_wconf 84' lang='lat' dir='ltr'><strong>mirando</strong></span> <span class='ocrx_word' id='word_1_223' title='bbox 652 3358 780 3434; x_wconf 63' lang='lat' dir='ltr'><strong>corporiss</strong></span> <span class='ocrx_word' id='word_1_224' title='bbox 791 3358 885 3419; x_wconf 68' lang='lat' dir='ltr'><strong>audio.</strong></span> 
     </span>
    </p>
   </div>
   <div class='ocr_carea' id='block_1_4' title="bbox 926 3432 1010 3527">
    <p class='ocr_par' dir='ltr' id='par_1_31' title="bbox 926 3432 1010 3527">
     <span class='ocr_line' id='line_1_38' title="bbox 926 3432 1010 3527; baseline -0.048 -28"><span class='ocrx_word' id='word_1_225' title='bbox 926 3432 1010 3527; x_wconf 76' lang='lat' dir='ltr'><strong>nn</strong></span> 
     </span>
    </p>
   </div>
   <div class='ocr_carea' id='block_1_5' title="bbox 0 0 1184 3875">
    <p class='ocr_par' dir='ltr' id='par_1_32' title="bbox 0 0 1184 3875">
     <span class='ocr_line' id='line_1_39' title="bbox 0 0 1184 3875; baseline 0 2"><span class='ocrx_word' id='word_1_226' title='bbox 0 0 1184 3875; x_wconf 95' lang='lat' dir='ltr'><strong> </strong></span> 
     </span>
    </p>
   </div>
  </div>
 </body>
</html>
