2359 3875
268 420 464 491 LIBER
503 418 811 518 QUINTUS.
880 445 944 509 ¹55

159 552 277 611 Dillinet
287 568 395 629 arquato
407 556 509 610 coelum
521 552 686 612 discrimine
699 567 796 620 metas,

160 633 278 710 Propter
290 633 412 710 signiferi
423 633 573 710 posituram
587 635 672 691 totius
683 635 776 698 orbiu

159 715 265 771 Annua
278 715 320 771 sol
332 715 365 772 in
379 734 438 789 quo
450 714 599 772 contundit
612 728 738 791 tempora
750 712 871 789 serpens,

158 794 285 870 Obliquo
296 809 391 862 terras,
403 809 429 850 et
442 794 542 851 coelum
556 794 663 851 lumine
676 794 806 851 lustrans:

159 874 195 931 Ut
209 876 285 931 ratio
297 875 420 932 declarat
433 895 542 942 eorum,
558 875 608 951 qui
622 876 681 932 loca
694 875 757 932 coeli

156 953 262 1030 Omnia
271 955 411 1031 dispositis
425 956 613 1030 fignisornata
626 970 773 1013 notarunt.

155 1036 214 1092 Aut
226 1038 296 1110 quia
309 1034 423 1092 craflior
432 1035 558 1091 estcertis
571 1036 601 1092 in
618 1036 743 1111 partibus
755 1032 814 1102 aer,

156 1116 210 1172 Sub
225 1117 306 1172 terris
319 1116 385 1172 ideo
395 1118 544 1172 tremulum
552 1116 639 1192 jubar
647 1113 747 1173 halitat
761 1116 847 1191 ignis,

155 1196 210 1252 Nec
225 1212 372 1272 penetrare
386 1197 471 1272 potest
492 1193 574 1253 sacile
586 1210 668 1271 atque
689 1216 827 1271 emergere
839 1194 874 1251 nd
895 1214 940 1252 or-

234 1293 293 1333 tus.

151 1357 302 1432 Propterea
313 1357 406 1414 noc‘les
419 1356 535 1415 hiberno
550 1373 677 1435 tempore
691 1359 782 1432 longa

152 1438 274 1503 Cessant,
291 1439 361 1494 dum
375 1439 469 1494 veniat
482 1439 621 1496 radiatum
636 1440 740 1514 insigne
753 1436 822 1493 diei.

152 1520 322 1585 Ameriam,
339 1519 406 1593 quia
419 1519 453 1575 stc
466 1520 579 1578 alternis
593 1519 720 1595 partibus
731 1518 798 1573 anui

150 1596 272 1656 Tardius
284 1614 311 1655 et
321 1598 405 1655 citius
418 1600 584 1656 consuerunt
599 1600 740 1657 confluere
753 1599 843 1673 ignes,
916 1659 918 1664 ,

150 1680 209 1755 Qui
224 1679 329 1734 saciant
342 1678 423 1736 solem
438 1696 511 1737 certa
519 1678 554 1735 de
566 1679 675 1755 surgere
684 1694 774 1755 parte.

192 1759 273 1816 Luna
290 1758 375 1835 potest
386 1760 449 1817 solis
463 1760 548 1817 radiis
562 1758 686 1836 perculsa
696 1760 794 1826 nitere,

149 1839 238 1916 Inque
248 1840 309 1895 dies
322 1841 408 1916 majus
422 1843 516 1897 lumen
532 1856 691 1896 oonvertere
702 1841 782 1896 nobis

147 1922 195 1977 Ad
206 1919 339 1995 speciem,
347 1935 484 1995 quantum
494 1921 559 1978 solis
570 1921 671 1977 secedit
684 1921 717 1976 ab
728 1921 805 1985 orbe,

148 2001 290 2058 Donicum
305 2016 476 2057 cumcontra
490 2004 573 2077 pleno
587 2004 656 2058 bene
667 2002 774 2056 lumine
787 2001 871 2070 fulsit,

146 2082 241 2156 Atque
256 2081 347 2137 oriens
360 2083 453 2141 obitur
465 2087 522 2157 ejus
531 2083 618 2156 super
631 2081 706 2136 edita
720 2081 809 2135 vidit:

147 2161 217 2217 Inde
227 2161 390 2216 minutatim
404 2163 565 2235 retro'quasr
580 2161 699 2224 condere
712 2162 807 2218 lumen

145 2240 325 2306 Debetitem‚
340 2256 444 2315 quanto
458 2242 578 2317 propius
586 2244 647 2316 jam
658 2240 721 2296 solis
734 2241 768 2296 ad
783 2242 879 2317 ignem

145 2320 310 2378 Labiturex
323 2321 376 2375 alia
385 2321 526 2397 fignoruru
542 2338 620 2398 parte
629 2340 683 2397 uper
695 2323 805 2380 orbem:
859 2360 874 2391 ¹.

146 2399 316 2465 Ursicinus,
332 2402 427 2456 lunam
442 2404 491 2475 qui
506 2403 617 2476 fingunt
631 2401 681 2457 elle
695 2403 764 2478 pilai

144 2481 335 2545 consimilem,
348 2481 494 2554 cursusque
507 2481 580 2538 viam
597 2481 646 2537 sub
657 2481 711 2538 sole
725 2497 833 2540 tenere:

145 2562 296 2636 Propterea
306 2561 337 2616 fit
350 2561 393 2616 uti
407 2561 555 2619 videantur
568 2563 661 2617 dicere
676 2582 786 2619 verum.

186 2641 231 2696 Ell
246 2643 330 2696 etiam
339 2644 504 2715 quoqueuti
519 2643 639 2719 proprio
651 2662 716 2697 cum
729 2641 835 2698 lumine
847 2642 929 2719 poffit
946 2688 949 2693 .

144 2722 275 2785 Volvier,
286 2736 312 2775 et
321 2722 408 2778 varias
421 2722 577 2798 splendoris
589 2721 702 2778 reddere
711 2719 824 2778 formas.
901 2750 905 2760 ·

143 2804 257 2878 Corpus
271 2801 346 2857 enim
360 2802 423 2858 licet
436 2801 486 2859 esse
499 2804 587 2869 aliud,
603 2802 681 2876 quod
693 2801 793 2869 fertur,
808 2820 834 2861 et
847 2824 904 2865 una
939 2828 941 2835 ·

143 2882 261 2938 Labitur
271 2881 443 2939 omnimodis
455 2883 598 2939 occursans
611 2882 798 2958 officiensque‚

143 2964 201 3017 Nec
215 2963 290 3037 potis
304 2961 339 3016 ell
350 2963 437 3027 cerni,
454 2966 520 3038 quia
533 2963 634 3019 cassum
646 2966 755 3027 lumine
768 2966 866 3024 fertur.

142 3043 312 3116 Versarique
328 3041 423 3116 potest,
440 3041 595 3118 globosus,
611 3044 724 3109 risorie,
741 3046 813 3119 pilai

141 3123 272 3178 Dimidia
286 3143 319 3176 ex
331 3124 403 3195 parti
417 3123 546 3179 candenti
557 3126 661 3181 lumine
673 3123 782 3189 dusius,
806 3166 818 3183 .,
888 3165 892 3173 .

132 3202 344 3275 'Versandoque
358 3205 472 3277 globum
484 3204 631 3260 varianteis
641 3204 721 3258 edere
732 3202 842 3272 formas,

142 3282 285 3339 Donicum
293 3301 352 3337 eum
366 3293 481 3357 partem,
491 3303 664 3358 quaecunque
673 3282 708 3337 elt
716 3284 923 3358 ignibusausla,

141 3363 190 3420 Ad
203 3364 218 3419 s
216 3363 322 3440 peciem
334 3363 416 3425 vertit
426 3365 519 3429 uobis,
531 3364 678 3440 oculosque
691 3369 840 3439 parenteia:
930 3382 949 3435 g

504 3442 533 3502 0
547 3461 562 3506 2
855 3443 931 3502 sude
