2359 3875
240 448 306 519 194
383 423 847 497 nrucurrrr

235 555 348 613 Ventus
361 555 423 623 ubi,
437 570 520 630 atque
531 555 631 611 anima
645 556 736 614 subito
748 554 791 612 vit
803 551 928 611 maxima
939 570 1018 628 qute-

362 634 439 702 dam,
733 687 736 694 .

236 714 299 773 Aut
312 713 491 782 extrinsecus,
506 730 555 773 aut
567 713 627 791 ipsa
641 735 657 773 a
670 716 767 772 tellure
780 729 874 771 coorta

236 796 275 853 In
290 796 349 853 loca
362 794 386 850 se
398 814 465 852 cava
479 797 560 853 terrai
572 795 701 871 conjecit,
713 796 809 871 ibique

164 891 171 906 ‘
238 877 390 951 Speluncas
403 876 475 932 iuter
484 894 597 951 magnas
610 875 702 931 fremit
714 890 777 932 ante
788 876 933 933 tumultu:

237 955 476 1031 Versabuudaque
490 970 627 1031 portatur,
644 953 704 1032 post
717 955 802 1012 incita
814 976 880 1013 curn
892 958 954 1020 virt

238 1036 384 1111 Exagitata
394 1034 466 1093 foras
479 1036 651 1111 erumpitur,
662 1051 688 1091 et
698 1034 870 1093 fimulartam

238 1114 399 1172 Diffindens
412 1131 511 1173 terram
524 1136 657 1192 magnum
668 1116 817 1173 concinnat
829 1115 956 1173 hiatum:

239 1196 278 1252 ln
288 1194 376 1274 Tyria
389 1197 491 1253 Sidone
504 1197 580 1271 quod
591 1194 704 1261 accidit,
718 1211 745 1250 et
758 1194 813 1253 init
822 1196 898 1273 AEgia

240 1276 279 1334 ln
293 1278 498 1353 Peloponneso:
522 1296 589 1351 quas
603 1276 695 1333 exitus
707 1274 753 1332 hic
766 1278 869 1333 animai

239 1356 383 1415 Dissurbat
396 1358 498 1425 urbeis,
514 1372 540 1412 et
549 1372 625 1413 terrae
638 1370 730 1413 motus
741 1357 872 1413 obortus!

244 1435 393 1513 Multaque
405 1453 535 1514 praterea
547 1437 706 1493 ceciderunt
720 1438 823 1494 moenia
834 1436 943 1513 magnis

228 1518 371 1578 Motibus
384 1520 415 1574 in
429 1521 518 1584 terris,
532 1533 559 1573 et
572 1520 667 1575 multae
681 1537 732 1592 per
744 1538 820 1573 mare
834 1517 941 1594 peffum

246 1597 395 1655 subsedere
407 1597 460 1653 suis
475 1599 579 1673 pariter
588 1617 654 1654 curn
666 1597 777 1654 civibus
785 1599 879 1654 urbes.

246 1678 337 1753 Quod
349 1678 398 1733 nisi
412 1678 588 1753 prorumpit,
605 1693 695 1733 tamen
705 1678 826 1754 impetus
837 1678 894 1754 ipse
906 1677 1013 1736 animai

193 1779 198 1796 ¹
244 1758 284 1814 Et
296 1756 353 1813 fera
364 1758 406 1813 vit
420 1758 496 1815 venti
512 1777 562 1832 per
573 1759 668 1814 crebra
681 1756 819 1815 foramina
832 1774 911 1814 terrae

244 1837 432 1914 Dispertitur,
446 1854 478 1893 ut
491 1834 609 1903 horror3
632 1853 659 1893 et
672 1838 773 1895 incutit
786 1838 851 1894 iude
860 1853 1022 1894 tremorem:

244 1919 346 1994 frigus
359 1918 400 1975 uti
413 1917 520 1975 nostroe
534 1919 646 1994 penitus
659 1940 724 1976 cum
738 1919 859 1976 venitin
871 1933 960 1985 artus,

245 1999 384 2056 Concutit
398 1999 502 2056 invitos
515 2018 615 2074 cogent
626 2014 741 2055 tremere
754 2015 836 2075 atque
849 2001 969 2056 moveri.

247 2079 382 2155 Ancipiti
398 2079 540 2156 trepidant
552 2079 640 2156 igitur
654 2094 758 2135 terrore
771 2099 823 2154 per
835 2079 942 2136 urbeis:

244 2159 329 2216 Tetra
342 2159 460 2234 superne
475 2159 585 2225 timent,
602 2175 732 2216 metuunt
744 2157 864 2227 inferne,
879 2178 1011 2216 cavernae

243 2240 341 2295 Terrai
354 2259 389 2295 ne
402 2237 531 2295 diffolvat
542 2253 642 2295 natura
656 2255 781 2315 repente:

243 2320 308 2375 Neu
323 2317 447 2373 dissradia
460 2318 541 2375 suurn
554 2319 607 2374 late
620 2318 766 2396 dispandat
779 2319 907 2385 hiatumt
931 2327 933 2331 ’
957 2388 960 2393 .

247 2399 338 2471 quue
353 2397 407 2453 suis
419 2395 531 2453 confusa
545 2399 612 2455 velit
626 2401 764 2474 complere
779 2400 882 2456 ruinis.

288 2475 492 2543 Proindelicct,
502 2479 629 2550 quamvis
640 2481 740 2535 coelum
754 2496 907 2557 terramque
917 2498 1031 2539 reantur

246 2559 416 2633 Incorrupta
427 2557 485 2614 iore
499 2574 606 2613 aeternae
618 2559 747 2614 mandata
760 2559 839 2615 saluti
853 2583 860 2623 ς

244 2640 380 2695 Attamen
395 2638 535 2695 interdum
550 2639 668 2713 presens
678 2639 721 2694 vis
734 2640 793 2714 ipsa
802 2642 902 2716 pericli

247 2719 375 2776 Subditat
388 2716 463 2774 hunc
478 2718 621 2775 stimulum
634 2717 754 2793 quadam
768 2720 803 2775 de
815 2737 893 2796 parte
904 2721 1031 2784 timoris,

242 2800 288 2855 Ne
302 2798 418 2874 pedibus
432 2798 534 2873 raptim
549 2798 767 2856 reltussubrratta
782 2797 887 2856 feratur

244 2879 282 2935 ln
293 2876 466 2942 barathrum,
482 2896 631 2953 rerumque
646 2878 774 2954 sequatur
784 2881 898 2955 prodita
912 2882 1020 2939 summa

245 2958 396 3022 Funditus,
412 2972 438 3011 et
452 2956 499 3012 fiat
512 2957 614 3014 mundi
629 2958 742 3015 confusa
756 2961 851 3016 ruina.
1005 3022 1010 3029 ι

287 3038 372 3093 Nunc
385 3036 616 3105 ratioreddunda,
625 3040 906 3114 augmeucutnesciat
915 3061 1027 3118 equor.

243 3117 403 3192 Principio,
416 3136 491 3173 mare
504 3117 642 3175 mirantur
654 3139 711 3175 non
726 3118 840 3176 reddere
852 3124 946 3198 majus

242 3197 393 3264 Naturam,
407 3214 465 3273 quo
479 3191 568 3254 tantu*
583 3196 642 3255 fuat
653 3199 783 3256 decursus
794 3219 943 3275 aquarum

247 3277 354 3334 Omnia
366 3296 424 3353 quo
436 3277 551 3333 veniant
563 3298 598 3334 ex
611 3279 692 3335 omni
706 3279 824 3336 flumina
837 3296 931 3357 parte.

240 3358 329 3418 Adde
342 3377 424 3438 vagor
437 3357 562 3430 imbteis,
578 3357 800 3440 tempestatesque
812 3362 966 3430 volanteise

923 3440 1033 3502 Omnia
