2359 3875
197 389 325 476 58.
394 378 863 455 rrucnrsu

197 519 241 575 Ex
254 517 436 585 insenfilibus,
447 518 522 593 quod
536 519 612 583 dico,
627 515 760 572 animalia
773 513 865 589 gigni.

239 600 358 674 Quippe
369 599 461 655 videre
475 599 549 664 licet,
563 599 645 653 vivos
659 596 773 652 exislere
784 593 904 649 vermeis

201 678 329 734 Stercore
342 679 377 734 de
390 695 469 745 tetro,
486 695 631 753 putrorcm
644 697 708 732 cum
719 676 768 730 fibi
778 669 894 729 nasia'll

198 757 407 832 Intempestivis
417 775 449 813 cx
464 759 603 814 imbribus
612 756 729 812 humida
743 756 833 810 tellus.

241 837 373 894 Praeterea
386 839 494 894 cunslas
508 839 607 893 itidem
622 857 662 893 res
675 850 780 891 vertere
794 833 855 888 sese.

199 916 325 972 Vertunt
339 916 363 973 se
376 919 470 984 fluvii,
486 918 609 983 frondes,
621 932 647 973 et
660 916 759 991 pabula
774 916 835 969 laeta

198 995 235 1050 In
249 997 388 1071 pecudes:
411 1012 524 1054 vertunt
539 996 657 1073 pecudes
671 996 701 1050 in
715 1013 835 1068 corpora
847 991 942 1051 nostra

197 1076 351 1132 Naturam:
376 1093 403 1133 et
415 1077 506 1134 nollro
520 1077 554 1132 de
566 1096 683 1151 corpore
696 1074 765 1149 saepe
778 1073 902 1130 serarum

196 1154 359 1231 Augelcunt
370 1157 452 1224 vires,
467 1172 493 1213 et
505 1176 621 1232 corpora
634 1154 882 1230 pennipotentum.

197 1236 273 1311 Ergo
287 1239 394 1293 omneis
406 1254 505 1294 natura
517 1238 593 1298 cibos
602 1237 632 1291 in
646 1254 764 1310 corpora
774 1234 838 1290 viva

195 1316 304 1380 Vertit,
316 1331 342 1372 et
355 1317 422 1373 hinc
435 1317 705 1374 sensnsanimantum
714 1328 842 1389 procreat
852 1313 979 1370 omneis:

118 1419 121 1424 ·
142 1398 145 1403 '
197 1396 264 1451 Non
274 1397 328 1453 alia
341 1399 422 1473 longe
435 1399 553 1462 ratione,
569 1412 651 1472 atque
663 1394 739 1451 arida
749 1394 823 1469 ligna

198 1475 330 1550 Explicat
343 1478 373 1531 in
388 1478 521 1543 flammas,
537 1492 562 1532 ct
575 1478 606 1532 in
621 1475 708 1551 igneis
721 1473 817 1529 omnia
829 1473 933 1531 versat.

235 1555 338 1625 Jamne
351 1557 427 1613 vides
441 1559 538 1633 igitur,
550 1558 645 1630 magni
661 1553 817 1631 primordia
831 1575 927 1610 rerum

201 1632 317 1691 Referre
327 1637 357 1692 in
371 1640 448 1712 quali
458 1639 508 1693 lint
517 1637 616 1694 ordine
630 1654 744 1711 quaeque
755 1636 852 1701 locata,

197 1712 234 1767 Et
247 1717 389 1773 commista
401 1719 502 1793 quibus
516 1718 582 1772 dent
596 1732 697 1780 motus,
714 1714 931 1791 accipiantque?

194 1853 196 1858 ,
241 1793 319 1852 Tum
334 1817 420 1871 porro
430 1798 500 1874 quid
514 1797 601 1864 idest,
624 1797 750 1853 animum
759 1795 835 1869 quod
857 1796 987 1871 percutit

325 1878 442 1953 ipsum?

198 1958 286 2032 Quod
299 1961 412 2019 movet?
433 1980 459 2020 et
472 1966 562 2021 varios
575 1964 665 2020 sensus
675 1981 837 2038 expromere
850 1958 940 2034 cogit,

197 2037 243 2094 Ex
254 2040 425 2097 insenlilibus
439 2064 474 2099 ne
487 2045 578 2100 credas
593 2041 681 2098 sensile
695 2042 797 2117 gigni?

198 2116 358 2188 Nimirum,
374 2124 488 2197 lapides,
504 2139 532 2178 et
544 2125 631 2198 ligna,
647 2137 673 2176 et
686 2137 756 2197 terra
769 2121 844 2197 quod
859 2140 916 2176 una

198 2195 291 2264 Milia,
308 2215 398 2256 tamen
411 2219 553 2279 nequeunt
566 2204 679 2258 vitalem
694 2202 808 2257 reddere
822 2201 939 2255 sensum.

242 2278 318 2335 Illud
332 2281 362 2335 in
376 2279 419 2350 his
432 2283 520 2357 igitur
533 2281 621 2336 soedus
630 2282 784 2337 meminisse
793 2281 915 2344 decebit3

198 2354 265 2411 Non
280 2379 314 2414 ex
326 2363 457 2417 omnibus
470 2364 599 2425 omnino,
615 2381 786 2438 quaecunqne
799 2375 893 2417 creant
906 2377 961 2424 res,

197 2434 308 2494 Senfilia
321 2443 474 2516 extemp10,
490 2457 515 2496 et
529 2442 618 2497 sensus
628 2462 670 2496 me
684 2442 775 2497 dicere
789 2441 886 2516 gigni:

187 2516 250 2572 vSed
263 2522 356 2595 magni
372 2521 481 2588 referre,
497 2543 527 2578 ea
539 2523 667 2596 primurn
677 2523 812 2598 quantula
825 2519 958 2586 constent,

197 2597 296 2661 Senfite
309 2622 370 2675 quae
383 2601 498 2668 faciunt,
509 2617 537 2657 et
550 2623 606 2677 qua
619 2603 670 2656 lint
683 2603 795 2676 praedita
806 2599 905 2665 forma,

195 2677 335 2745 Motibus,
351 2681 510 2748 ordinibus,
529 2681 657 2756 posituris
669 2679 789 2756 denique
801 2701 862 2754 quae
876 2681 947 2736 fint:

197 2757 328 2834 Quarum
341 2760 383 2816 nil
393 2779 485 2817 rerum
500 2761 636 2835 insignis,
649 2760 789 2836 glebisque
806 2761 945 2815 videmus.

197 2836 235 2891 Et
245 2852 337 2894 tamen
352 2839 408 2894 herc
419 2860 483 2895 cum
495 2840 558 2895 sunt
566 2840 639 2915 quali
651 2839 800 2916 putrcsasla
812 2838 994 2915 perimbreis,

198 2914 378 2974 Vermiculos
390 2920 522 2994 pariunt3
547 2920 612 2995 quia
625 2940 745 2995 corpora
758 2921 884 2976 materiai

197 2997 334 3071 Antiquis
347 3018 381 3053 ex
394 2999 542 3055 ordinibus
553 3015 680 3074 permota
693 3020 768 3055 nova
782 3021 822 3062 re,
850 3054 852 3058 .

198 3076 396 3135 Conciliantur
408 3081 457 3146 ita,
474 3094 505 3134 ut
518 3080 620 3135 debent
632 3081 761 3135 animalia
775 3080 867 3155 gigni.

240 3157 350 3214 Deinde
362 3178 397 3214 ex
409 3160 548 3215 sensilibus
561 3179 624 3214 cum
640 3160 731 3216 sensile
741 3160 815 3235 posse
830 3163 918 3219 creari

198 3236 389 3302 Conslituunt‚
402 3259 487 3314 porro
497 3259 531 3294 cx
541 3239 604 3294 aliis
618 3239 718 3295 sentire
732 3240 813 3296 suetis
823 3264 831 3305 3

195 3315 297 3375 Mollia
310 3332 369 3375 tum
382 3317 503 3378 faciunt:
528 3338 594 3376 nam
606 3319 695 3376 sensus
704 3320 837 3396 jungitur
846 3322 939 3377 omnis

805 3399 980 3466 Visceribus,
