<?xml version="1.0" encoding="UTF-8"?>
<!DOCTYPE html PUBLIC "-//W3C//DTD XHTML 1.0 Transitional//EN"
    "http://www.w3.org/TR/xhtml1/DTD/xhtml1-transitional.dtd">
<html xmlns="http://www.w3.org/1999/xhtml" xml:lang="en" lang="en">
 <head>
  <title>
</title>
<meta http-equiv="Content-Type" content="text/html;charset=utf-8" />
  <meta name='ocr-system' content='tesseract 3.04.00' />
  <meta name='ocr-capabilities' content='ocr_page ocr_carea ocr_par ocr_line ocrx_word'/>
</head>
<body>
  <div class='ocr_page' id='page_1' title='image "./titilucretiicar03carugoog_0129.png"; bbox 0 0 2359 3875; ppageno 0'>
   <div class='ocr_carea' id='block_1_1' title="bbox 272 428 942 532">
    <p class='ocr_par' dir='ltr' id='par_1_1' title="bbox 272 428 942 532">
     <span class='ocr_line' id='line_1_1' title="bbox 272 428 942 532; baseline -0.004 -30"><span class='ocrx_word' id='word_1_1' title='bbox 272 434 475 503; x_wconf 71' lang='lat' dir='ltr'>munic</span> <span class='ocrx_word' id='word_1_2' title='bbox 516 428 823 532; x_wconf 69' lang='lat' dir='ltr'><strong><em>QUARTUS.</em></strong></span> <span class='ocrx_word' id='word_1_3' title='bbox 880 454 942 523; x_wconf 59' lang='grc' dir='ltr'>ιη</span> 
     </span>
    </p>
   </div>
   <div class='ocr_carea' id='block_1_2' title="bbox 170 561 869 639">
    <p class='ocr_par' dir='ltr' id='par_1_2' title="bbox 170 561 869 639">
     <span class='ocr_line' id='line_1_2' title="bbox 170 561 869 639; baseline -0.007 -20"><span class='ocrx_word' id='word_1_4' title='bbox 170 564 264 619; x_wconf 76' lang='lat' dir='ltr'>Cetera</span> <span class='ocrx_word' id='word_1_5' title='bbox 276 563 312 618; x_wconf 86' lang='lat' dir='ltr'>de</span> <span class='ocrx_word' id='word_1_6' title='bbox 326 582 424 639; x_wconf 79' lang='lat' dir='ltr'>genere</span> <span class='ocrx_word' id='word_1_7' title='bbox 437 561 489 618; x_wconf 93' lang='lat' dir='ltr'>hoc</span> <span class='ocrx_word' id='word_1_8' title='bbox 503 561 597 619; x_wconf 85' lang='lat' dir='ltr'>eadem</span> <span class='ocrx_word' id='word_1_9' title='bbox 607 561 713 617; x_wconf 78' lang='lat' dir='ltr'>ratione</span> <span class='ocrx_word' id='word_1_10' title='bbox 728 574 869 617; x_wconf 85' lang='lat' dir='ltr'><strong>creantur.</strong></span> 
     </span>
    </p>
   </div>
   <div class='ocr_carea' id='block_1_3' title="bbox 117 640 950 3514">
    <p class='ocr_par' dir='ltr' id='par_1_3' title="bbox 117 640 950 3514">
     <span class='ocr_line' id='line_1_3' title="bbox 168 640 845 721; baseline -0.004 -22"><span class='ocrx_word' id='word_1_11' title='bbox 168 646 232 721; x_wconf 75' lang='lat' dir='ltr'>Quae</span> <span class='ocrx_word' id='word_1_12' title='bbox 243 663 308 700; x_wconf 88' lang='lat' dir='ltr'>cum</span> <span class='ocrx_word' id='word_1_13' title='bbox 320 645 461 699; x_wconf 83' lang='lat' dir='ltr'>mobiliter</span> <span class='ocrx_word' id='word_1_14' title='bbox 474 643 576 697; x_wconf 81' lang='lat' dir='ltr'>summa</span> <span class='ocrx_word' id='word_1_15' title='bbox 586 642 694 697; x_wconf 77' lang='lat' dir='ltr'>levitate</span> <span class='ocrx_word' id='word_1_16' title='bbox 707 640 845 706; x_wconf 82' lang='lat' dir='ltr'>feruutur,</span> 
     </span>
     <span class='ocr_line' id='line_1_4' title="bbox 167 720 851 799; baseline -0.006 -19"><span class='ocrx_word' id='word_1_17' title='bbox 167 724 202 781; x_wconf 91' lang='lat' dir='ltr'>Ut</span> <span class='ocrx_word' id='word_1_18' title='bbox 212 725 292 799; x_wconf 85' lang='lat' dir='ltr'>prius</span> <span class='ocrx_word' id='word_1_19' title='bbox 304 722 411 779; x_wconf 81' lang='lat' dir='ltr'>ostendi</span> <span class='ocrx_word' id='word_1_20' title='bbox 425 748 433 788; x_wconf 85' lang='lat'>·,</span> <span class='ocrx_word' id='word_1_21' title='bbox 458 722 539 779; x_wconf 83' lang='lat' dir='ltr'>facile</span> <span class='ocrx_word' id='word_1_22' title='bbox 552 742 611 779; x_wconf 89' lang='lat' dir='ltr'>uuo</span> <span class='ocrx_word' id='word_1_23' title='bbox 625 735 780 777; x_wconf 85' lang='lat' dir='ltr'>commovet</span> <span class='ocrx_word' id='word_1_24' title='bbox 793 720 851 777; x_wconf 73' lang='lat' dir='ltr'>ietu</span> 
     </span>
     <span class='ocr_line' id='line_1_5' title="bbox 167 801 848 881; baseline -0.006 -22"><span class='ocrx_word' id='word_1_25' title='bbox 167 804 304 881; x_wconf 75' lang='lat' dir='ltr'>Quaelibet</span> <span class='ocrx_word' id='word_1_26' title='bbox 318 824 374 860; x_wconf 85' lang='lat' dir='ltr'>una</span> <span class='ocrx_word' id='word_1_27' title='bbox 386 806 514 860; x_wconf 85' lang='lat' dir='ltr'>animum</span> <span class='ocrx_word' id='word_1_28' title='bbox 523 804 606 859; x_wconf 87' lang='lat' dir='ltr'>nobis</span> <span class='ocrx_word' id='word_1_29' title='bbox 620 801 727 858; x_wconf 78' lang='lat' dir='ltr'>subtilis</span> <span class='ocrx_word' id='word_1_30' title='bbox 739 802 848 877; x_wconf 83' lang='lat' dir='ltr'>imago:</span> 
     </span>
     <span class='ocr_line' id='line_1_6' title="bbox 164 882 834 957; baseline -0.004 -17"><span class='ocrx_word' id='word_1_31' title='bbox 164 883 268 940; x_wconf 85' lang='lat' dir='ltr'>Tenuis</span> <span class='ocrx_word' id='word_1_32' title='bbox 281 886 359 939; x_wconf 90' lang='lat' dir='ltr'>enim</span> <span class='ocrx_word' id='word_1_33' title='bbox 369 904 445 940; x_wconf 88' lang='lat' dir='ltr'>mens</span> <span class='ocrx_word' id='word_1_34' title='bbox 459 883 507 946; x_wconf 83' lang='lat' dir='ltr'>est,</span> <span class='ocrx_word' id='word_1_35' title='bbox 521 897 547 937; x_wconf 85' lang='lat' dir='ltr'>et</span> <span class='ocrx_word' id='word_1_36' title='bbox 556 883 626 939; x_wconf 87' lang='lat' dir='ltr'>mire</span> <span class='ocrx_word' id='word_1_37' title='bbox 638 882 750 937; x_wconf 82' lang='lat' dir='ltr'>mobilis</span> <span class='ocrx_word' id='word_1_38' title='bbox 763 882 834 957; x_wconf 83' lang='lat' dir='ltr'>ipsa.</span> 
     </span>
     <span class='ocr_line' id='line_1_7' title="bbox 202 960 948 1038; baseline -0.004 -18"><span class='ocrx_word' id='word_1_39' title='bbox 202 964 268 1021; x_wconf 84' lang='lat' dir='ltr'>Haec</span> <span class='ocrx_word' id='word_1_40' title='bbox 282 964 355 1029; x_wconf 84' lang='lat' dir='ltr'>ficri,</span> <span class='ocrx_word' id='word_1_41' title='bbox 371 979 401 1019; x_wconf 92' lang='lat' dir='ltr'>ut</span> <span class='ocrx_word' id='word_1_42' title='bbox 410 981 547 1028; x_wconf 80' lang='lat' dir='ltr'>memoro,</span> <span class='ocrx_word' id='word_1_43' title='bbox 558 960 948 1038; x_wconf 80' lang='lat' dir='ltr'>facilehiuccognoscerepol&#39;-</span> 
     </span>
     <span class='ocr_line' id='line_1_8' title="bbox 288 1043 339 1099; baseline -0.02 0"><span class='ocrx_word' id='word_1_44' title='bbox 288 1043 339 1099; x_wconf 83' lang='lat' dir='ltr'>fis:</span> 
     </span>
     <span class='ocr_line' id='line_1_9' title="bbox 163 1121 950 1202; baseline -0.005 -21"><span class='ocrx_word' id='word_1_45' title='bbox 163 1124 306 1202; x_wconf 75' lang='lat' dir='ltr'>Quatinus</span> <span class='ocrx_word' id='word_1_46' title='bbox 316 1122 369 1181; x_wconf 88' lang='lat' dir='ltr'>hoc</span> <span class='ocrx_word' id='word_1_47' title='bbox 379 1124 464 1180; x_wconf 83' lang='lat' dir='ltr'>fimile</span> <span class='ocrx_word' id='word_1_48' title='bbox 473 1124 508 1179; x_wconf 89' lang='lat' dir='ltr'>ell</span> <span class='ocrx_word' id='word_1_49' title='bbox 519 1126 618 1190; x_wconf 80' lang='lat' dir='ltr'>oculis,</span> <span class='ocrx_word' id='word_1_50' title='bbox 626 1124 700 1200; x_wconf 91' lang='lat' dir='ltr'>quod</span> <span class='ocrx_word' id='word_1_51' title='bbox 712 1136 804 1180; x_wconf 85' lang='lat' dir='ltr'>mente</span> <span class='ocrx_word' id='word_1_52' title='bbox 813 1121 950 1186; x_wconf 78' lang='lat' dir='ltr'>videmus3</span> 
     </span>
     <span class='ocr_line' id='line_1_10' title="bbox 162 1200 806 1280; baseline -0.005 -20"><span class='ocrx_word' id='word_1_53' title='bbox 162 1205 254 1280; x_wconf 76' lang='lat' dir='ltr'>Atque</span> <span class='ocrx_word' id='word_1_54' title='bbox 268 1206 357 1260; x_wconf 87' lang='lat' dir='ltr'>oculis</span> <span class='ocrx_word' id='word_1_55' title='bbox 370 1205 451 1260; x_wconf 82' lang='lat' dir='ltr'>fimili</span> <span class='ocrx_word' id='word_1_56' title='bbox 467 1205 525 1262; x_wconf 83' lang='lat' dir='ltr'>fieri</span> <span class='ocrx_word' id='word_1_57' title='bbox 540 1205 646 1261; x_wconf 82' lang='lat' dir='ltr'>ratione</span> <span class='ocrx_word' id='word_1_58' title='bbox 657 1200 806 1261; x_wconf 83' lang='lat' dir='ltr'>neceffe&#39;ll:</span> 
     </span>
     <span class='ocr_line' id='line_1_11' title="bbox 162 1284 835 1360; baseline -0.006 -20"><span class='ocrx_word' id='word_1_59' title='bbox 162 1284 244 1341; x_wconf 86' lang='lat' dir='ltr'>Nunc</span> <span class='ocrx_word' id='word_1_60' title='bbox 258 1285 347 1360; x_wconf 86' lang='lat' dir='ltr'>igitur</span> <span class='ocrx_word' id='word_1_61' title='bbox 359 1285 493 1359; x_wconf 83' lang='lat' dir='ltr'>quoniam</span> <span class='ocrx_word' id='word_1_62' title='bbox 504 1286 588 1342; x_wconf 90' lang='lat' dir='ltr'>docui</span> <span class='ocrx_word' id='word_1_63' title='bbox 601 1305 645 1340; x_wconf 89' lang='lat' dir='ltr'>me</span> <span class='ocrx_word' id='word_1_64' title='bbox 658 1284 728 1340; x_wconf 86' lang='lat' dir='ltr'>forte</span> <span class='ocrx_word' id='word_1_65' title='bbox 742 1284 835 1339; x_wconf 81' lang='lat' dir='ltr'>leones</span> 
     </span>
     <span class='ocr_line' id='line_1_12' title="bbox 162 1360 945 1441; baseline -0.004 -21"><span class='ocrx_word' id='word_1_66' title='bbox 162 1365 283 1420; x_wconf 86' lang='lat' dir='ltr'>Cernere</span> <span class='ocrx_word' id='word_1_67' title='bbox 291 1384 343 1441; x_wconf 87' lang='lat' dir='ltr'>per</span> <span class='ocrx_word' id='word_1_68' title='bbox 352 1365 503 1429; x_wconf 75' lang='lat' dir='ltr'>fimulacra,</span> <span class='ocrx_word' id='word_1_69' title='bbox 516 1367 614 1421; x_wconf 83' lang='lat' dir='ltr'>oculos</span> <span class='ocrx_word' id='word_1_70' title='bbox 623 1382 795 1438; x_wconf 75' lang='lat' dir='ltr'>quecunque</span> <span class='ocrx_word' id='word_1_71' title='bbox 804 1360 945 1419; x_wconf 74' lang='lat' dir='ltr'>lacessunt:</span> 
     </span>
     <span class='ocr_line' id='line_1_13' title="bbox 162 1443 783 1501; baseline -0.003 -1"><span class='ocrx_word' id='word_1_72' title='bbox 162 1445 235 1500; x_wconf 85' lang='lat' dir='ltr'>Scire</span> <span class='ocrx_word' id='word_1_73' title='bbox 250 1446 315 1501; x_wconf 86' lang='lat' dir='ltr'>licet</span> <span class='ocrx_word' id='word_1_74' title='bbox 325 1460 445 1500; x_wconf 83' lang='lat' dir='ltr'>mentem</span> <span class='ocrx_word' id='word_1_75' title='bbox 460 1446 543 1501; x_wconf 78' lang='lat' dir='ltr'>fimili</span> <span class='ocrx_word' id='word_1_76' title='bbox 556 1446 663 1501; x_wconf 82' lang='lat' dir='ltr'>ratione</span> <span class='ocrx_word' id='word_1_77' title='bbox 675 1443 783 1500; x_wconf 86' lang='lat' dir='ltr'>moveri</span> 
     </span>
     <span class='ocr_line' id='line_1_14' title="bbox 163 1524 879 1599; baseline -0.001 -21"><span class='ocrx_word' id='word_1_78' title='bbox 163 1524 214 1581; x_wconf 85' lang='lat' dir='ltr'>Per</span> <span class='ocrx_word' id='word_1_79' title='bbox 226 1526 369 1580; x_wconf 80' lang='lat' dir='ltr'>firnulacra</span> <span class='ocrx_word' id='word_1_80' title='bbox 384 1528 496 1581; x_wconf 87' lang='lat' dir='ltr'>leonum</span> <span class='ocrx_word' id='word_1_81' title='bbox 511 1541 616 1587; x_wconf 72' lang='lat' dir='ltr'>cetera,</span> <span class='ocrx_word' id='word_1_82' title='bbox 628 1544 688 1599; x_wconf 84' lang='lat' dir='ltr'>quae</span> <span class='ocrx_word' id='word_1_83' title='bbox 701 1524 778 1580; x_wconf 89' lang='lat' dir='ltr'>videt</span> <span class='ocrx_word' id='word_1_84' title='bbox 791 1543 879 1598; x_wconf 71' lang='lat' dir='ltr'>eque,</span> 
     </span>
     <span class='ocr_line' id='line_1_15' title="bbox 161 1602 947 1681; baseline -0.001 -22"><span class='ocrx_word' id='word_1_85' title='bbox 161 1603 218 1662; x_wconf 90' lang='lat' dir='ltr'>Nec</span> <span class='ocrx_word' id='word_1_86' title='bbox 241 1606 349 1671; x_wconf 79' lang='lat' dir='ltr'>minus,</span> <span class='ocrx_word' id='word_1_87' title='bbox 373 1619 454 1680; x_wconf 86' lang='lat' dir='ltr'>atque</span> <span class='ocrx_word' id='word_1_88' title='bbox 466 1606 559 1661; x_wconf 89' lang='lat' dir='ltr'>oculi:</span> <span class='ocrx_word' id='word_1_89' title='bbox 584 1605 634 1661; x_wconf 82' lang='lat' dir='ltr'>nifi</span> <span class='ocrx_word' id='word_1_90' title='bbox 649 1604 726 1680; x_wconf 92' lang='lat' dir='ltr'>quod</span> <span class='ocrx_word' id='word_1_91' title='bbox 749 1624 827 1681; x_wconf 81' lang='lat' dir='ltr'>mage</span> <span class='ocrx_word' id='word_1_92' title='bbox 853 1602 947 1659; x_wconf 88' lang='lat' dir='ltr'>tenuia</span> 
     </span>
     <span class='ocr_line' id='line_1_16' title="bbox 287 1699 389 1741; baseline 0 -1"><span class='ocrx_word' id='word_1_93' title='bbox 287 1699 389 1741; x_wconf 78' lang='lat' dir='ltr'>cernit.</span> 
     </span>
     <span class='ocr_line' id='line_1_17' title="bbox 159 1762 899 1842; baseline -0.001 -20"><span class='ocrx_word' id='word_1_94' title='bbox 159 1766 217 1823; x_wconf 86' lang='lat' dir='ltr'>Nec</span> <span class='ocrx_word' id='word_1_95' title='bbox 228 1766 337 1822; x_wconf 83' lang='lat' dir='ltr'>ratione</span> <span class='ocrx_word' id='word_1_96' title='bbox 347 1765 410 1831; x_wconf 83' lang='lat' dir='ltr'>alia,</span> <span class='ocrx_word' id='word_1_97' title='bbox 423 1785 487 1821; x_wconf 86' lang='lat' dir='ltr'>cum</span> <span class='ocrx_word' id='word_1_98' title='bbox 498 1765 609 1822; x_wconf 83' lang='lat' dir='ltr'>somnus</span> <span class='ocrx_word' id='word_1_99' title='bbox 622 1766 745 1822; x_wconf 82' lang='lat' dir='ltr'>membra</span> <span class='ocrx_word' id='word_1_100' title='bbox 759 1762 899 1842; x_wconf 83' lang='lat' dir='ltr'>profudit,</span> 
     </span>
     <span class='ocr_line' id='line_1_18' title="bbox 152 1845 927 1921; baseline -0.003 -18"><span class='ocrx_word' id='word_1_101' title='bbox 152 1846 332 1903; x_wconf 80' lang='lat' dir='ltr'>Mensanimi</span> <span class='ocrx_word' id='word_1_102' title='bbox 346 1845 444 1921; x_wconf 83' lang='lat' dir='ltr'>vigilat</span> <span class='ocrx_word' id='word_1_103' title='bbox 456 1868 463 1911; x_wconf 81' lang='lat'>3</span> <span class='ocrx_word' id='word_1_104' title='bbox 488 1846 538 1903; x_wconf 85' lang='lat' dir='ltr'>nili</span> <span class='ocrx_word' id='word_1_105' title='bbox 553 1845 629 1920; x_wconf 85' lang='lat' dir='ltr'>qnod</span> <span class='ocrx_word' id='word_1_106' title='bbox 642 1846 784 1901; x_wconf 78' lang='lat' dir='ltr'>simulacra</span> <span class='ocrx_word' id='word_1_107' title='bbox 796 1847 927 1903; x_wconf 84' lang='lat' dir='ltr'>lacellunt</span> 
     </span>
     <span class='ocr_line' id='line_1_19' title="bbox 160 1925 941 2003; baseline -0.003 -20"><span class='ocrx_word' id='word_1_108' title='bbox 160 1929 226 1983; x_wconf 82' lang='lat' dir='ltr'>Haec</span> <span class='ocrx_word' id='word_1_109' title='bbox 241 1926 335 1982; x_wconf 84' lang='lat' dir='ltr'>eadem</span> <span class='ocrx_word' id='word_1_110' title='bbox 349 1925 455 1982; x_wconf 86' lang='lat' dir='ltr'>nollros</span> <span class='ocrx_word' id='word_1_111' title='bbox 465 1928 582 1992; x_wconf 75' lang='lat' dir='ltr'>animos,</span> <span class='ocrx_word' id='word_1_112' title='bbox 595 1947 667 2001; x_wconf 74' lang='lat' dir='ltr'>quae,</span> <span class='ocrx_word' id='word_1_113' title='bbox 682 1947 769 2003; x_wconf 87' lang='lat' dir='ltr'>quom</span> <span class='ocrx_word' id='word_1_114' title='bbox 782 1926 941 2001; x_wconf 78' lang='lat' dir='ltr'>vigilamus:</span> 
     </span>
     <span class='ocr_line' id='line_1_20' title="bbox 161 2005 944 2085; baseline -0.004 -20"><span class='ocrx_word' id='word_1_115' title='bbox 161 2009 256 2083; x_wconf 82' lang='lat' dir='ltr'>Usque</span> <span class='ocrx_word' id='word_1_116' title='bbox 268 2005 348 2072; x_wconf 80' lang='lat' dir='ltr'>adeo,</span> <span class='ocrx_word' id='word_1_117' title='bbox 366 2023 437 2062; x_wconf 89' lang='lat' dir='ltr'>certe</span> <span class='ocrx_word' id='word_1_118' title='bbox 451 2022 482 2062; x_wconf 91' lang='lat' dir='ltr'>ut</span> <span class='ocrx_word' id='word_1_119' title='bbox 496 2007 639 2063; x_wconf 85' lang='lat' dir='ltr'>videamur</span> <span class='ocrx_word' id='word_1_120' title='bbox 650 2025 760 2062; x_wconf 84' lang='lat' dir='ltr'>cernere</span> <span class='ocrx_word' id='word_1_121' title='bbox 770 2027 844 2072; x_wconf 81' lang='lat' dir='ltr'>eum,</span> <span class='ocrx_word' id='word_1_122' title='bbox 860 2020 944 2085; x_wconf 80' lang='lat' dir='ltr'>quem</span> 
     </span>
     <span class='ocr_line' id='line_1_21' title="bbox 159 2083 802 2162; baseline -0.008 -17"><span class='ocrx_word' id='word_1_123' title='bbox 159 2088 282 2145; x_wconf 79' lang='lat' dir='ltr'>Reddita</span> <span class='ocrx_word' id='word_1_124' title='bbox 295 2086 363 2142; x_wconf 83' lang='lat' dir='ltr'>vitai</span> <span class='ocrx_word' id='word_1_125' title='bbox 371 2088 431 2162; x_wconf 82' lang='lat' dir='ltr'>jam</span> <span class='ocrx_word' id='word_1_126' title='bbox 446 2105 532 2152; x_wconf 83' lang='lat' dir='ltr'>mors,</span> <span class='ocrx_word' id='word_1_127' title='bbox 547 2102 573 2142; x_wconf 88' lang='lat' dir='ltr'>et</span> <span class='ocrx_word' id='word_1_128' title='bbox 587 2103 658 2143; x_wconf 80' lang='lat' dir='ltr'>terra</span> <span class='ocrx_word' id='word_1_129' title='bbox 669 2083 802 2162; x_wconf 77' lang='lat' dir='ltr'>potitn&#39;ll.</span> 
     </span>
     <span class='ocr_line' id='line_1_22' title="bbox 159 2165 804 2243; baseline -0.005 -18"><span class='ocrx_word' id='word_1_130' title='bbox 159 2169 221 2225; x_wconf 86' lang='lat' dir='ltr'>lloc</span> <span class='ocrx_word' id='word_1_131' title='bbox 236 2167 300 2223; x_wconf 89' lang='lat' dir='ltr'>ideo</span> <span class='ocrx_word' id='word_1_132' title='bbox 315 2167 374 2222; x_wconf 82' lang='lat' dir='ltr'>lieri</span> <span class='ocrx_word' id='word_1_133' title='bbox 388 2167 463 2243; x_wconf 82' lang='lat' dir='ltr'>cogit</span> <span class='ocrx_word' id='word_1_134' title='bbox 475 2181 574 2223; x_wconf 82' lang='lat' dir='ltr'>natura</span> <span class='ocrx_word' id='word_1_135' title='bbox 586 2190 595 2233; x_wconf 69' lang='grc' dir='ltr'><strong>ς</strong></span> <span class='ocrx_word' id='word_1_136' title='bbox 618 2165 696 2241; x_wconf 89' lang='lat' dir='ltr'>quod</span> <span class='ocrx_word' id='word_1_137' title='bbox 708 2184 804 2223; x_wconf 81' lang='lat' dir='ltr'>omnes</span> 
     </span>
     <span class='ocr_line' id='line_1_23' title="bbox 158 2244 868 2325; baseline -0.003 -20"><span class='ocrx_word' id='word_1_138' title='bbox 158 2247 298 2325; x_wconf 75' lang='lat' dir='ltr'>Corporis</span> <span class='ocrx_word' id='word_1_139' title='bbox 310 2244 400 2302; x_wconf 71' lang='lat' dir='ltr'>offecti</span> <span class='ocrx_word' id='word_1_140' title='bbox 414 2246 503 2303; x_wconf 75' lang='lat' dir='ltr'>sensus</span> <span class='ocrx_word' id='word_1_141' title='bbox 516 2266 566 2323; x_wconf 88' lang='lat' dir='ltr'>per</span> <span class='ocrx_word' id='word_1_142' title='bbox 578 2247 702 2302; x_wconf 84' lang='lat' dir='ltr'>membra</span> <span class='ocrx_word' id='word_1_143' title='bbox 710 2247 868 2322; x_wconf 79' lang='lat' dir='ltr'>quiescunt3</span> 
     </span>
     <span class='ocr_line' id='line_1_24' title="bbox 159 2325 829 2404; baseline -0.001 -19"><span class='ocrx_word' id='word_1_144' title='bbox 159 2331 219 2386; x_wconf 90' lang='lat' dir='ltr'>Nec</span> <span class='ocrx_word' id='word_1_145' title='bbox 234 2326 347 2404; x_wconf 83' lang='lat' dir='ltr'>pollunt</span> <span class='ocrx_word' id='word_1_146' title='bbox 359 2325 456 2382; x_wconf 84' lang='lat' dir='ltr'>falsum</span> <span class='ocrx_word' id='word_1_147' title='bbox 471 2328 543 2384; x_wconf 73' lang='lat' dir='ltr'>veris</span> <span class='ocrx_word' id='word_1_148' title='bbox 553 2327 717 2385; x_wconf 85' lang='lat' dir='ltr'>convincere</span> <span class='ocrx_word' id='word_1_149' title='bbox 731 2329 829 2386; x_wconf 78' lang='lat' dir='ltr'>rebus-2</span> 
     </span>
     <span class='ocr_line' id='line_1_25' title="bbox 158 2404 873 2484; baseline 0.001 -18"><span class='ocrx_word' id='word_1_150' title='bbox 158 2410 304 2473; x_wconf 67' lang='lat' dir='ltr'>Praeterea,</span> <span class='ocrx_word' id='word_1_151' title='bbox 320 2404 474 2463; x_wconf 81' lang='lat' dir='ltr'>meminille</span> <span class='ocrx_word' id='word_1_152' title='bbox 483 2411 567 2484; x_wconf 81' lang='lat' dir='ltr'>jacet,</span> <span class='ocrx_word' id='word_1_153' title='bbox 582 2409 749 2483; x_wconf 83' lang='lat' dir='ltr'>languetque</span> <span class='ocrx_word' id='word_1_154' title='bbox 761 2409 873 2484; x_wconf 70' lang='lat' dir='ltr'>soporee</span> 
     </span>
     <span class='ocr_line' id='line_1_26' title="bbox 158 2487 855 2563; baseline 0 -18"><span class='ocrx_word' id='word_1_155' title='bbox 158 2491 217 2545; x_wconf 87' lang='lat' dir='ltr'>Nec</span> <span class='ocrx_word' id='word_1_156' title='bbox 230 2487 366 2552; x_wconf 74' lang='lat' dir='ltr'>dillentit,</span> <span class='ocrx_word' id='word_1_157' title='bbox 383 2506 447 2542; x_wconf 88' lang='lat' dir='ltr'>eum</span> <span class='ocrx_word' id='word_1_158' title='bbox 461 2487 571 2553; x_wconf 80' lang='lat' dir='ltr'>mortis,</span> <span class='ocrx_word' id='word_1_159' title='bbox 595 2487 719 2562; x_wconf 85' lang='lat' dir='ltr'>lethique</span> <span class='ocrx_word' id='word_1_160' title='bbox 733 2489 855 2563; x_wconf 88' lang='lat' dir='ltr'>potitum</span> 
     </span>
     <span class='ocr_line' id='line_1_27' title="bbox 151 2567 908 2645; baseline 0.003 -20"><span class='ocrx_word' id='word_1_161' title='bbox 151 2568 337 2645; x_wconf 75' lang='lat' dir='ltr'>jampridem,</span> <span class='ocrx_word' id='word_1_162' title='bbox 353 2586 436 2640; x_wconf 88' lang='lat' dir='ltr'>quem</span> <span class='ocrx_word' id='word_1_163' title='bbox 450 2586 527 2623; x_wconf 86' lang='lat' dir='ltr'>mens</span> <span class='ocrx_word' id='word_1_164' title='bbox 540 2570 641 2623; x_wconf 85' lang='lat' dir='ltr'>vivum</span> <span class='ocrx_word' id='word_1_165' title='bbox 654 2567 679 2622; x_wconf 81' lang='lat' dir='ltr'>le</span> <span class='ocrx_word' id='word_1_166' title='bbox 692 2571 908 2627; x_wconf 67' lang='lat' dir='ltr'>cernerecredit·</span> 
     </span>
     <span class='ocr_line' id='line_1_28' title="bbox 199 2646 938 2723; baseline 0.004 -20"><span class='ocrx_word' id='word_1_167' title='bbox 199 2647 290 2723; x_wconf 75' lang='lat' dir='ltr'>Quod</span> <span class='ocrx_word' id='word_1_168' title='bbox 300 2646 493 2722; x_wconf 82' lang='lat' dir='ltr'>superell‚110n</span> <span class='ocrx_word' id='word_1_169' title='bbox 505 2647 540 2703; x_wconf 89' lang='lat' dir='ltr'>ell</span> <span class='ocrx_word' id='word_1_170' title='bbox 549 2648 665 2711; x_wconf 80' lang='lat' dir='ltr'>mirum,</span> <span class='ocrx_word' id='word_1_171' title='bbox 674 2647 938 2717; x_wconf 81' lang='lat' dir='ltr'>[imulacra&#39;moveri;</span> 
     </span>
     <span class='ocr_line' id='line_1_29' title="bbox 156 2726 928 2803; baseline 0.003 -19"><span class='ocrx_word' id='word_1_172' title='bbox 156 2730 328 2801; x_wconf 81' lang='lat' dir='ltr'>Brachiaque</span> <span class='ocrx_word' id='word_1_173' title='bbox 339 2727 368 2781; x_wconf 90' lang='lat' dir='ltr'>in</span> <span class='ocrx_word' id='word_1_174' title='bbox 377 2747 525 2782; x_wconf 83' lang='lat' dir='ltr'>numerum</span> <span class='ocrx_word' id='word_1_175' title='bbox 530 2726 642 2803; x_wconf 62' lang='lat' dir='ltr'>juolene,</span> <span class='ocrx_word' id='word_1_176' title='bbox 653 2743 679 2782; x_wconf 88' lang='lat' dir='ltr'>et</span> <span class='ocrx_word' id='word_1_177' title='bbox 687 2742 781 2783; x_wconf 82' lang='lat' dir='ltr'>caetera</span> <span class='ocrx_word' id='word_1_178' title='bbox 790 2733 928 2786; x_wconf 77' lang='lat' dir='ltr'>membra:</span> 
     </span>
     <span class='ocr_line' id='line_1_30' title="bbox 155 2806 909 2886; baseline 0.001 -20"><span class='ocrx_word' id='word_1_179' title='bbox 155 2811 229 2866; x_wconf 84' lang='lat' dir='ltr'>Nam</span> <span class='ocrx_word' id='word_1_180' title='bbox 244 2809 286 2874; x_wconf 82' lang='lat' dir='ltr'>fit,</span> <span class='ocrx_word' id='word_1_181' title='bbox 301 2824 332 2862; x_wconf 88' lang='lat' dir='ltr'>ut</span> <span class='ocrx_word' id='word_1_182' title='bbox 344 2807 372 2862; x_wconf 92' lang='lat' dir='ltr'>in</span> <span class='ocrx_word' id='word_1_183' title='bbox 387 2806 488 2862; x_wconf 85' lang='lat' dir='ltr'>somnis</span> <span class='ocrx_word' id='word_1_184' title='bbox 500 2806 587 2864; x_wconf 83' lang='lat' dir='ltr'>facere</span> <span class='ocrx_word' id='word_1_185' title='bbox 600 2806 653 2863; x_wconf 90' lang='lat' dir='ltr'>hoc</span> <span class='ocrx_word' id='word_1_186' title='bbox 667 2808 794 2864; x_wconf 84' lang='lat' dir='ltr'>videatur</span> <span class='ocrx_word' id='word_1_187' title='bbox 805 2810 909 2886; x_wconf 79' lang='lat' dir='ltr'>imago.</span> 
     </span>
     <span class='ocr_line' id='line_1_31' title="bbox 157 2887 896 2964; baseline 0.007 -22"><span class='ocrx_word' id='word_1_188' title='bbox 157 2891 288 2964; x_wconf 75' lang='lat' dir='ltr'>Quippe,</span> <span class='ocrx_word' id='word_1_189' title='bbox 303 2888 352 2942; x_wconf 89' lang='lat' dir='ltr'>ubi</span> <span class='ocrx_word' id='word_1_190' title='bbox 364 2887 458 2964; x_wconf 83' lang='lat' dir='ltr'>prima</span> <span class='ocrx_word' id='word_1_191' title='bbox 472 2889 557 2963; x_wconf 81' lang='lat' dir='ltr'>perit,</span> <span class='ocrx_word' id='word_1_192' title='bbox 572 2888 683 2963; x_wconf 83' lang='lat' dir='ltr'>alioque</span> <span class='ocrx_word' id='word_1_193' title='bbox 693 2889 822 2946; x_wconf 82' lang='lat' dir='ltr'>estaltera</span> <span class='ocrx_word' id='word_1_194' title='bbox 830 2907 896 2947; x_wconf 80' lang='lat' dir='ltr'>nata</span> 
     </span>
     <span class='ocr_line' id='line_1_32' title="bbox 155 2967 889 3044; baseline 0.001 -19"><span class='ocrx_word' id='word_1_195' title='bbox 155 2969 236 3025; x_wconf 83' lang='lat' dir='ltr'>Eudo</span> <span class='ocrx_word' id='word_1_196' title='bbox 249 2968 336 3032; x_wconf 61' lang='lat' dir='ltr'>statut</span> <span class='ocrx_word' id='word_1_197' title='bbox 360 2968 440 3044; x_wconf 86' lang='lat' dir='ltr'>prior</span> <span class='ocrx_word' id='word_1_198' title='bbox 453 2968 509 3023; x_wconf 81' lang='lat' dir='ltr'>haec</span> <span class='ocrx_word' id='word_1_199' title='bbox 522 2967 629 3043; x_wconf 79' lang='lat' dir='ltr'>gestum.</span> <span class='ocrx_word' id='word_1_200' title='bbox 639 2968 754 3025; x_wconf 81' lang='lat' dir='ltr'>mutaffe</span> <span class='ocrx_word' id='word_1_201' title='bbox 767 2970 889 3028; x_wconf 69' lang='lat' dir='ltr'>uidetur.</span> 
     </span>
     <span class='ocr_line' id='line_1_33' title="bbox 153 3045 880 3125; baseline 0.001 -20"><span class='ocrx_word' id='word_1_202' title='bbox 153 3050 260 3106; x_wconf 86' lang='lat' dir='ltr'>Scilicet</span> <span class='ocrx_word' id='word_1_203' title='bbox 274 3048 304 3104; x_wconf 90' lang='lat' dir='ltr'>id</span> <span class='ocrx_word' id='word_1_204' title='bbox 318 3048 379 3104; x_wconf 81' lang='lat' dir='ltr'>lieri</span> <span class='ocrx_word' id='word_1_205' title='bbox 391 3049 471 3103; x_wconf 88' lang='lat' dir='ltr'>celeri</span> <span class='ocrx_word' id='word_1_206' title='bbox 486 3050 591 3104; x_wconf 86' lang='lat' dir='ltr'>ratione</span> <span class='ocrx_word' id='word_1_207' title='bbox 606 3045 806 3125; x_wconf 81' lang='lat' dir='ltr'>putandum&#39;st.</span> <span class='ocrx_word' id='word_1_208' title='bbox 875 3074 880 3089; x_wconf 92' lang='lat'>·</span> 
     </span>
     <span class='ocr_line' id='line_1_34' title="bbox 196 3126 938 3206; baseline 0.011 -21"><span class='ocrx_word' id='word_1_209' title='bbox 196 3130 343 3204; x_wconf 84' lang='lat' dir='ltr'>Multaque</span> <span class='ocrx_word' id='word_1_210' title='bbox 350 3129 380 3183; x_wconf 85' lang='lat' dir='ltr'>in</span> <span class='ocrx_word' id='word_1_211' title='bbox 388 3126 433 3185; x_wconf 89' lang='lat' dir='ltr'>his</span> <span class='ocrx_word' id='word_1_212' title='bbox 439 3131 516 3185; x_wconf 84' lang='lat' dir='ltr'>rebus</span> <span class='ocrx_word' id='word_1_213' title='bbox 525 3131 938 3206; x_wconf 68' lang='lat' dir='ltr'>queruntur‚multaquenobis</span> 
     </span>
     <span class='ocr_line' id='line_1_35' title="bbox 154 3204 838 3284; baseline 0.007 -19"><span class='ocrx_word' id='word_1_214' title='bbox 154 3204 369 3272; x_wconf 78' lang='lat' dir='ltr'>Clarandum&#39;ll,</span> <span class='ocrx_word' id='word_1_215' title='bbox 385 3209 467 3284; x_wconf 82' lang='lat' dir='ltr'>plane</span> <span class='ocrx_word' id='word_1_216' title='bbox 482 3209 499 3264; x_wconf 80' lang='lat' dir='ltr'>si</span> <span class='ocrx_word' id='word_1_217' title='bbox 514 3228 554 3264; x_wconf 82' lang='lat' dir='ltr'>res</span> <span class='ocrx_word' id='word_1_218' title='bbox 563 3229 702 3284; x_wconf 83' lang='lat' dir='ltr'>exponere</span> <span class='ocrx_word' id='word_1_219' title='bbox 712 3229 838 3269; x_wconf 81' lang='lat' dir='ltr'>avemus.</span> 
     </span>
     <span class='ocr_line' id='line_1_36' title="bbox 117 3279 935 3367; baseline 0.01 -23"><span class='ocrx_word' id='word_1_220' title='bbox 117 3279 126 3295; x_wconf 25' lang='grc' dir='ltr'><strong>Χ</strong></span> <span class='ocrx_word' id='word_1_221' title='bbox 197 3289 345 3367; x_wconf 55' lang='lat' dir='ltr'>Quiritur</span> <span class='ocrx_word' id='word_1_222' title='bbox 353 3289 383 3345; x_wconf 88' lang='lat' dir='ltr'>in</span> <span class='ocrx_word' id='word_1_223' title='bbox 393 3291 503 3363; x_wconf 80' lang='lat' dir='ltr'>primis,</span> <span class='ocrx_word' id='word_1_224' title='bbox 514 3309 610 3363; x_wconf 79' lang='lat' dir='ltr'>quare,</span> <span class='ocrx_word' id='word_1_225' title='bbox 622 3289 698 3366; x_wconf 91' lang='lat' dir='ltr'>quod</span> <span class='ocrx_word' id='word_1_226' title='bbox 710 3293 834 3367; x_wconf 89' lang='lat' dir='ltr'>quoique</span> <span class='ocrx_word' id='word_1_227' title='bbox 845 3294 935 3353; x_wconf 84' lang='lat' dir='ltr'>libido</span> 
     </span>
     <span class='ocr_line' id='line_1_37' title="bbox 155 3368 854 3447; baseline 0.006 -23"><span class='ocrx_word' id='word_1_228' title='bbox 155 3368 285 3437; x_wconf 81' lang='lat' dir='ltr'>Venerit,</span> <span class='ocrx_word' id='word_1_229' title='bbox 300 3371 443 3445; x_wconf 78' lang='lat' dir='ltr'>extemplo</span> <span class='ocrx_word' id='word_1_230' title='bbox 453 3390 530 3426; x_wconf 84' lang='lat' dir='ltr'>mens</span> <span class='ocrx_word' id='word_1_231' title='bbox 543 3369 643 3447; x_wconf 88' lang='lat' dir='ltr'>cogitet</span> <span class='ocrx_word' id='word_1_232' title='bbox 651 3371 708 3446; x_wconf 76' lang='lat' dir='ltr'>ejus</span> <span class='ocrx_word' id='word_1_233' title='bbox 720 3370 854 3446; x_wconf 83' lang='lat' dir='ltr'>idipsum.</span> 
     </span>
     <span class='ocr_line' id='line_1_38' title="bbox 505 3448 950 3514; baseline 0.018 -8"><span class='ocrx_word' id='word_1_234' title='bbox 505 3448 532 3506; x_wconf 90' lang='lat' dir='ltr'>L</span> <span class='ocrx_word' id='word_1_235' title='bbox 547 3466 561 3512; x_wconf 77' lang='lat'><em>2</em></span> <span class='ocrx_word' id='word_1_236' title='bbox 861 3453 950 3514; x_wconf 60' lang='lat' dir='ltr'>nune</span> 
     </span>
    </p>
   </div>
   <div class='ocr_carea' id='block_1_4' title="bbox 0 0 1184 3875">
    <p class='ocr_par' dir='ltr' id='par_1_4' title="bbox 0 0 1184 3875">
     <span class='ocr_line' id='line_1_39' title="bbox 0 0 1184 3875; baseline 0 4"><span class='ocrx_word' id='word_1_237' title='bbox 0 0 1184 3875; x_wconf 95' lang='lat' dir='ltr'> </span> 
     </span>
    </p>
   </div>
  </div>
 </body>
</html>
