2359 3875
206 418 247 484 ne
360 409 401 482 T.
440 412 827 484 LUCRETII

199 542 252 599 Sed
266 543 362 619 potius
377 543 424 597 tali
437 541 508 598 sallo
522 558 639 600 recreata
651 542 779 600 valescat:

201 625 245 680 Sic
257 643 307 700 ego
313 642 401 689 nunc,
414 622 550 700 quoniam
557 621 865 699 haecratioplerumque
873 619 984 678 videtur

199 704 317 760 Tristior
330 702 391 770 else,
408 704 510 780 quibus
523 724 582 762 uon
597 703 633 761 est
648 702 767 769 traslata,
780 720 908 779 retroque

200 786 310 862 Volgus
322 782 450 841 abhorret
462 786 496 841 ab
509 783 576 851 hac;
600 785 679 842 volui
692 785 742 841 tibi
757 781 962 859 suaviloquenti

200 866 332 923 Carmine
346 865 438 921 Pierio
453 867 591 922 rationem
606 885 746 941 exponere
760 864 893 930 nostram,

199 946 321 1023 thuali
336 945 439 1001 Musaeo
451 945 527 1002 dulci
541 946 703 1021 contingere
717 948 807 1013 melle,

196 1028 226 1085 Si
243 1027 294 1082 tibi
308 1025 379 1083 sorte
392 1028 519 1082 animum
534 1027 580 1082 tali
595 1027 702 1083 ratione
714 1041 805 1084 tenere

198 1107 334 1163 Versibusv
344 1108 374 1163 in
389 1106 487 1163 nollris
498 1104 614 1183 possem,
630 1105 699 1162 dum
712 1104 845 1181 perspicis
858 1123 973 1161 omnem

199 1187 335 1245 Naturam
346 1208 450 1253 rerum,
466 1209 520 1264 qua
535 1187 639 1245 constet
652 1203 764 1263 compta
777 1188 878 1262 figura.

244 1268 444 1345 sedquoniam
457 1268 551 1335 docui,
567 1267 723 1324 solidissima
736 1267 862 1324 materiai

201 1352 330 1425 Corpora
344 1364 481 1425 perpetuo
492 1350 607 1405 volitare
617 1347 721 1404 invisla
736 1368 787 1423 per
800 1367 906 1414 aevum;

201 1432 287 1486 Nunc
302 1450 349 1505 age
363 1429 477 1485 summai
492 1449 650 1505 ecquaenam
664 1428 694 1482 fit
709 1429 772 1485 finis
783 1449 893 1494 eorum,

137 1522 145 1538 ¹
199 1511 296 1567 Necne
304 1511 343 1577 fit,
351 1511 527 1565 evolvamus:
544 1506 983 1586 item,quodinanerepertutn'sl.

202 1592 255 1647 Seu
269 1592 357 1656 locus,
371 1609 401 1643 ac
414 1588 543 1664 spatium,
560 1608 600 1645 res
615 1590 645 1644 in
652 1610 707 1664 quo
715 1610 827 1667 quaeque
836 1606 983 1668 genantur,

111 1671 119 1708 s
201 1672 398 1727 Pervideatnus
411 1684 507 1725 utrum
522 1670 635 1726 finitum
644 1669 771 1727 funditus
788 1692 878 1729 ouen

202 1749 537 1815 Conllet‚animmensum
549 1751 811 1827 pateatvelaelusque
818 1751 1006 1827 profundum.

247 1830 345 1887 Ouun
362 1830 438 1907 quod
452 1829 499 1897 est,
514 1831 613 1906 igitur,
628 1833 706 1887 nulla
719 1834 832 1907 regione
844 1834 957 1889 viarum

200 1907 379 1971 Finitum'll:
404 1932 525 1992 namque
535 1927 691 1969 extremum
700 1912 816 1970 debebat
829 1913 941 1972 habere.

201 1995 368 2051 Extremum
382 2013 467 2068 porro
480 1994 585 2050 nullius
598 1992 672 2068 polle
685 1993 795 2052 videtur

203 2073 275 2140 Ess'e,
291 2074 341 2131 nifi
356 2076 427 2130 ultra
439 2073 469 2128 stt
484 2074 557 2146 quod
572 2074 663 2138 finiat,
679 2089 711 2128 ut
724 2075 861 2141 videatur,

205 2156 274 2230 Quo
288 2172 345 2208 non
361 2153 469 2226 longius
479 2152 535 2206 haee
550 2151 639 2226 sensus¹
652 2166 752 2207 natura
765 2154 902 2226 sequatur.

203 2234 291 2291 Nunc
300 2247 375 2287 extra
387 2229 800 2304 summamquoniatnuihilelle
810 2234 998 2308 fatendum'st,

205 2314 272 2369 N'on
286 2310 368 2366 habet
385 2325 554 2366 extremum:
578 2329 651 2367 caret
665 2331 729 2387 ergo
743 2314 810 2378 fine,
824 2317 981 2395 modoque:

205 2395 264 2450 Nec
281 2390 363 2449 refert
374 2391 582 2465 quibusall‘tslat
595 2393 756 2467 regionibus
769 2396 838 2470 ejus,

208 2472 590 2547 Usqueadeoquemquisque
603 2475 696 2528 locum
706 2473 828 2548 possrdit‚
843 2477 874 2534 in
883 2478 995 2536 omneis.

205 2552 388 2610 Tantundem
404 2551 504 2628 parteis
517 2552 661 2610 infinitum
676 2573 758 2610 omne
771 2558 917 2634 relinquit.

207 2634 352 2698 Pro-terea,
367 2633 384 2687 st
394 2635 454 2715 jam
469 2633 580 2690 finitum
595 2632 778 2691 conslituatur

210 2713 305 2770 Omne
319 2715 394 2788 quod
407 2713 443 2768 est
458 2713 591 2787 spatium,
607 2715 624 2769 li
639 2715 701 2788 quis
716 2730 862 2789 procurrat
876 2716 980 2775 adom

210 2795 488 2858 Ultimusextremas‚
502 2795 637 2869 jaciatque
649 2796 759 2850 volatile
774 2796 876 2863 telum3

211 2875 246 2930 Id
260 2874 358 2929 validrs
372 2889 467 2930 utrum
480 2891 640 2931 contortum
656 2874 763 2930 viribus
776 2874 815 2930 ire

212 2956 280 3031 Quo
294 2953 377 3010 suerit
393 2951 504 3008 millum
518 2955 618 3018 mavis,
635 2955 771 3029 longeque
785 2957 887 3024 volare,

212 3033 425 3108 Art-prohibere
437 3036 545 3108 aliquid
558 3034 659 3098 censes,
675 3036 832 3110 obllareque
846 3036 942 3112 polle?

210 3116 388 3170 Alterutrum
402 3113 511 3170 fatearis
523 3116 612 3180 enim,
629 3114 768 3192 sumasque
781 3115 930 3186 necessest,

213 3196 347 3267 Quorum
356 3210 505 3271 utrumque
513 3195 563 3249 tibi
571 3194 705 3269 effugium
713 3199 871 3270 praecludit‚
879 3215 999 3257 etomne

211 3275 297 3348 Cogit
309 3289 340 3328 ut
353 3291 482 3350 exempta
492 3275 624 3332 concedas
638 3275 693 3331 fine
708 3291 811 3350 patere.

212 3354 287 3412 Nam
301 3353 352 3417 slve
365 3355 399 3412 est
413 3355 533 3433 reliquid,
548 3355 625 3433 quod
636 3353 794 3432 prohibeat,
810 3320 969 3517 officiatqttge

199 3482 204 3489 .
555 3482 559 3491 .
582 3471 584 3477 ·
960 3456 995 3495 tto
