2359 3875
208 431 271 520 ιφ
350 426 829 499 cruorem

245 555 327 611 Hisce
342 556 392 611 tibi
408 558 489 613 rebus
502 553 599 623 lnte'll,
613 558 721 632 alteque
733 553 898 618 videndum,

203 635 239 689 Et
250 638 331 710 longe
344 636 452 693 cunctas
462 638 493 691 in
509 640 609 711 parteis
621 635 852 713 dispiciendum„

202 715 245 771 Ut
257 714 449 782 reminiscaris,
466 716 598 772 summam
612 737 704 773 rerum
717 716 768 771 else
781 711 962 791 profundam,

205 796 241 849 Et
254 794 358 860 videas,
373 798 471 851 coelum
484 795 601 853 summai
616 798 699 853 totius
710 815 800 851 unum

208 876 304 950 Quam
318 874 349 929 lit
361 878 476 949 parvula
486 896 560 951 pars,
570 891 597 931 et
605 897 689 951 quam
701 874 852 932 multefima
863 870 981 929 constet:

208 955 244 1009 Et
257 968 343 1027 quota
357 974 418 1029 pars
431 954 515 1011 homo
530 956 608 1011 terrai
622 956 653 1010 lit
667 956 750 1012 totiuc
763 974 848 1010 unus.

207 1033 296 1109 Quod
309 1035 378 1090 bene
392 1036 567 1111 propofitum
586 1036 604 1091 li
619 1038 700 1111 plane
712 1050 868 1099 contueare,
947 1056 950 1060 ·

207 1115 254 1169 Ac
265 1113 357 1170 videas
370 1117 468 1190 plane3
493 1115 588 1172 mirari
602 1117 689 1172 multa
703 1115 850 1187 relinquas.

250 1195 329 1249 Nurn
342 1196 404 1268 quis
416 1196 490 1251 enirn
504 1196 628 1252 nostrum
635 1197 763 1261 miratur,
774 1191 857 1267 liquis
866 1191 896 1248 in
910 1206 984 1248 artus

206 1272 325 1349 Accepit
339 1275 428 1331 calido
438 1275 538 1331 febrim
551 1274 659 1331 fervore
671 1292 804 1340 coortam,

206 1355 365 1410 Aurelium
379 1356 505 1429 quemvis
518 1357 610 1411 morbi
626 1375 675 1431 per
688 1357 811 1410 membra
823 1349 972 1411 dolorem?

208 1433 388 1509 Obturgelcit
401 1436 477 1491 euim
491 1436 582 1492 subito
600 1455 657 1510 pes,
672 1435 772 1509 arripit
784 1456 847 1490 acer

207 1515 284 1588 Sepe
293 1514 373 1570 dolor
385 1515 502 1580 denteis,
519 1518 613 1571 oculos
625 1516 731 1572 inuadit
745 1514 774 1569 in
788 1514 880 1589 ipsos:

206 1594 304 1649 Exiliit
317 1594 386 1651 sacer
399 1595 482 1669 iguis,
497 1611 523 1650 et
537 1596 594 1651 urit
606 1616 725 1672 corpore
735 1595 845 1669 serpens

205 1676 412 1750 Quamcunque
421 1675 545 1750 arripuit
558 1692 675 1750 partem,
686 1678 813 1751 repitque
824 1693 875 1749 per
888 1684 980 1735 arcun

204 1754 360 1819 Nimirum,
376 1755 442 1827 quia
456 1754 518 1809 sunt
532 1757 685 1810 multarum
698 1755 801 1811 semina
815 1771 924 1811 rerum:

205 1835 241 1887 Ec
254 1832 315 1888 satis
327 1832 383 1888 haec
396 1834 474 1889 tellus
484 1836 565 1889 nubis
580 1837 735 1908 coelumque
748 1834 816 1890 mali
827 1831 890 1897 fert,

204 1912 288 1972 Unde
301 1928 382 1988 queat
395 1915 436 1970 vis
446 1914 568 1972 immensi
583 1915 751 1991 procrescere
764 1913 870 1970 morbi.

203 1996 248 2050 Sic
262 1993 349 2069 igitur
363 1995 411 2050 toti
421 1997 500 2058 coelo,
517 2011 647 2070 terraeque
660 1990 851 2071 putandum'st

202 2075 247 2130 Ex
260 2074 373 2131 infinito
383 2075 443 2131 satis
453 2077 548 2131 omnia
558 2076 747 2151 suppeditare,
866 2092 868 2094 ·

204 2154 288 2211 Uude
302 2171 413 2230 repente
425 2171 505 2229 queat
517 2157 598 2212 tellus
611 2155 736 2212 conculsa
748 2155 867 2219 moveri,

203 2235 310 2308 Perque
324 2256 409 2302 mare,
424 2250 450 2289 et
463 2251 544 2290 terras
555 2234 669 2311 rapidus
684 2255 844 2312 percurrere
859 2237 955 2300 turbu,

204 2315 281 2390 Ignis
290 2315 431 2371 abundare
445 2331 564 2379 aetnaeus,
580 2315 760 2371 flammescere
773 2317 887 2371 coelum.
935 2344 941 2355 =

202 2395 239 2448 Id
252 2413 362 2468 quoque
376 2395 450 2450 enim
467 2395 508 2461 fit,
523 2411 550 2450 et
562 2395 706 2451 ardescunt
719 2393 833 2450 coelestia
846 2393 959 2470 templa,

203 2473 244 2530 Ut
258 2472 423 2548 tempestates
438 2476 542 2549 pluviae
553 2475 679 2550 graviore
693 2490 790 2532 coortu

200 2553 281 2617 Sunt,
298 2553 347 2608 ubi
358 2552 427 2610 sorte
440 2555 477 2609 ita
487 2553 511 2611 le
525 2557 674 2612 tetulerunt
687 2555 787 2610 semina
799 2572 947 2628 aquarum.

243 2633 285 2688 At
297 2634 382 2690 nimis
395 2633 431 2689 est
445 2633 541 2711 ingens
554 2634 668 2692 incendi
685 2634 813 2690 turbidus
827 2635 923 2689 ardor.

199 2712 318 2780 Scilicet,
334 2729 359 2769 et
372 2714 487 2781 fluvius,
498 2717 547 2791 qui
560 2735 618 2772 non
632 2716 677 2781 cll,
689 2715 828 2770 maximus
840 2710 909 2769 eii'st

201 2794 263 2870 Qui
277 2815 336 2850 nou
348 2812 409 2850 ante
418 2796 541 2870 aliquem
556 2796 689 2871 majorem
701 2794 788 2849 vidit:
812 2810 838 2849 et
851 2795 949 2868 ingens

199 2874 307 2940 Arbor,
322 2872 461 2948 homoque
476 2876 602 2932 videtur:
620 2874 784 2931 etomniade
796 2871 989 2950 genereomni,

199 2953 327 3009 Maxima
340 2973 400 3026 quae
416 2954 486 3009 vidit
499 2955 626 3030 quilque,
635 2955 693 3010 haec
705 2956 830 3029 ingentia
844 2953 944 3028 lingit:

199 3032 274 3087 Cum
289 3048 379 3088 tamen
389 3034 483 3088 omnia
496 3054 560 3090 cum
576 3038 655 3101 coelo,
672 3051 810 3108 terraque,
823 3034 949 3107 marique

196 3111 246 3166 Nil
262 3110 311 3166 fine
321 3111 354 3167 ad
367 3111 503 3172 summam
513 3114 628 3171 summai
642 3116 727 3171 totius
737 3133 860 3171 omnem.

241 3191 325 3248 Nunc
339 3209 440 3261 tamen,
456 3196 503 3251 illa
516 3196 606 3252 modis
619 3195 721 3269 quibus
734 3193 848 3251 inritata
858 3210 972 3273 repente

197 3271 321 3328 Flamma
331 3269 402 3330 sorar
415 3273 493 3331 vallis
504 3290 578 3330 aetnae
591 3273 749 3331 fornacibus
762 3271 845 3339 efflet,

192 3350 364 3428 Erpediam.
388 3354 519 3415 Primum
534 3356 619 3415 totius
633 3354 749 3414 subcava
763 3353 864 3412 montis

933 3433 979 3492 uu
