2359 3875
269 421 460 493 itinn
501 419 852 496 SECUNDUS.
928 444 974 511 59

218 545 362 617 Visceribus,
374 551 481 618 nervis,
494 553 584 619 venis,
600 572 771 629 quacunque
784 549 912 606 videmus

217 627 294 685 Mollia
307 633 414 688 mortali
428 631 568 688 coufistere
580 642 697 708 corpore
710 644 794 689 creta.

247 708 289 765 Sed
303 726 391 767 tamen
401 710 457 768 esto
467 712 526 787 jam
540 712 615 789 poste
629 713 686 769 haec
695 726 793 769 aeterna
808 728 933 792 mnnere:

217 787 302 865 Nempe
315 807 404 847 tamen
419 790 520 847 debent
532 807 579 848 aut
592 791 697 849 sensum
713 790 798 868 partis
810 787 928 855 habetet

216 868 261 923 Ant
271 872 363 927 similia
377 871 442 928 totis
454 872 623 928 animalibus
636 872 686 929 effe
699 871 805 948 putari.

216 948 246 1001 At
255 966 383 1027 nequeant
397 950 486 1026 perse
499 966 589 1027 partes
604 953 712 1017 sentire,
728 971 777 1007 nec
791 948 857 1005 effe:

216 1027 319 1104 Namque
327 1032 415 1087 alium
424 1031 511 1087 sensus
521 1033 706 1089 membrorum
716 1027 970 1106 respuitomnium':

216 1107 259 1163 Nec
271 1130 363 1166 manus
377 1134 391 1167 a
406 1111 487 1166 nobis
499 1113 573 1187 potis
585 1111 621 1168 est
634 1112 741 1178 secreta,
757 1129 846 1184 neque
860 1110 917 1166 ulla

216 1188 329 1264 Corporis
339 1192 459 1246 omnino
470 1191 575 1247 sensnm
589 1212 651 1267 pars
662 1192 718 1247 sola
731 1206 830 1247 tenere.

215 1265 356 1345 Linquitur,
372 1285 403 1325 ut
416 1272 480 1326 totis
488 1273 655 1328 animalibus
668 1270 887 1334 adsimulentuu

215 1347 287 1405 Vitali
301 1365 331 1405 ut
340 1349 443 1425 poffint
454 1351 608 1418 vonsentire
618 1352 744 1425 undique
758 1349 844 1405 sensu.

213 1428 260 1504 Qui
272 1444 401 1505 poterunt
415 1430 504 1505 igitur
516 1431 777 1507 rerumprimordia
790 1426 857 1494 dici,

211 1507 237 1561 Et
247 1509 308 1566 lethi
320 1512 406 1565 vitare
416 1510 484 1575 vias,
499 1513 630 1567 animalia
643 1532 707 1567 cum
718 1511 784 1575 fiat,-

210 1587 288 1665 Atque
299 1585 464 1646 animalibu'
478 1592 529 1646 [int
543 1591 709 1648 mortalibus
721 1611 787 1657 una,
802 1589 973 1666 eademque?

241 1671 322 1747 Quod
336 1685 426 1725 tamen
436 1674 467 1725 tit
481 1671 596 1746 poffint:
619 1672 654 1728 ab
665 1688 736 1728 coetu
749 1669 932 1745 concilioque,

209 1746 467 1824 Niiiitcient‚praeter
476 1752 602 1826 volgum,
612 1752 969 1827 turbamqueanimantum:

206 1828 300 1886 Scilicet
313 1844 350 1885 ut·
359 1845 497 1905 nequeant
510 1829 650 1896 homines,
666 1847 799 1897 armenta,
815 1830 933 1904 fet-aque

207 1908 271 1966 lnter
283 1909 333 1966 sese
346 1911 432 1966 ullam
446 1929 503 1988 iem
518 1911 629 1988 gignere
638 1912 830 1970 conveniendo

205 1988 247 2046 Per
257 1991 374 2046 Veneris
383 2010 434 2055 res,
450 2005 526 2047 extra
540 1992 678 2060 homines,
693 2011 825 2055 armenta,
834 1989 968 2065 ferasque.

237 2071 323 2148 Quod
338 2069 355 2125 st
365 2069 437 2125 forte
449 2070 528 2126 suum
538 2072 684 2128 dimittunt
698 2090 814 2148 corpore
825 2069 941 2138 sensum,

203 2150 286 2225 Atque
295 2151 381 2206 alium
391 2151 523 2226 capiunt:
540 2151 610 2226 quid
617 2171 687 2228 opus
696 2153 750 2209 fuit
759 2148 883 2216 attribui,
896 2151 973 2226 quod

203 2229 380 2287 Detrahitnr?
400 2229 477 2284 Tum
491 2247 631 2306 praeterea,
649 2231 734 2308 (quod
748 2231 871 2308 fugimus
884 2231 969 2304 ante‚)

202 2311 336 2388 Quatinus
349 2311 381 2364 in
394 2310 487 2385 pullos
500 2312 644 2368 animaleis
655 2328 757 2370 vertier
768 2332 822 2369 ova

202 2391 480 2446 Cerminus·alituum
492 2413 500 2455 3
525 2391 695 2465 verrucisque
707 2391 849 2458 effervere,
866 2406 967 2446 terram

200 2469 405 2546 Intempestivos
418 2490 481 2526 cum
496 2486 597 2545 putror
609 2470 682 2549 cepit
691 2474 726 2529 ob
739 2473 871 2529 imbreis:

200 2549 264 2608 Scire
274 2553 338 2607 licet
348 2551 428 2627 gigni
443 2550 558 2625 poiseex
568 2571 627 2607 non
640 2549 752 2609 sentina·
767 2552 868 2608 sensus.

235 2631 355 2709 Quodfi
370 2630 440 2688 fnrte
449 2630 550 2705 aliquis
559 2631 643 2697 dicet,
658 2633 793 2689 duntaxat
803 2631 872 2686 oriri

199 2708 269 2768 Poffe
280 2732 315 2768 ex
328 2709 479 2768 non-sensu
493 2709 594 2776 sensus,
609 2710 653 2766 sed
667 2714 823 2769 mobilitate

198 2791 267 2848 Ante
281 2791 373 2867 aliqua
386 2807 516 2869 tanquam
522 2805 645 2865 partum,
654 2811 738 2869 quam
747 2791 970 2869 proditurextra:

198 2870 268 2928 Huic
281 2872 345 2927 satit
358 2871 430 2928 illud
442 2871 496 2927 crit
507 2871 624 2946 planum
636 2870 734 2938 facere,
743 2888 824 2950 atque
834 2876 963 2950 probare,

196 2949 256 3008 Non
265 2952 331 3009 *fieri
345 2967 469 3028 partunt,
485 2951 534 3006 nifi
546 2953 666 3008 concilio
675 2968 738 3009 ante
751 2951 859 3010 contin:

196 3030 249 3087 Nec
264 3033 431 3088 commutari
441 3030 592 3107 quicquam
606 3032 660 3089 {ine
669 3033 818 3089 conciliatu

196 3108 371 3177 Primorum3
395 3127 427 3167 ut
440 3126 581 3186 nequeunt
594 3115 679 3170 ullius
689 3112 814 3188 corporis
826 3112 876 3170 eise

196 3189 291 3248 Sensus
304 3206 366 3246 ante
378 3191 466 3267 ipsam
477 3190 599 3267 genitam
613 3208 740 3249 naturam
749 3191 910 3253 animantis.

195 3270 340 3328 Nimirum
354 3273 421 3348 quia
433 3270 558 3328 materies
571 3270 679 3349 disjetla
693 3286 803 3327 tenetur

195 3350 267 3409 Aere
281 3351 458 3420 fluminibus,
475 3350 565 3419 terris,
581 3351 748 3426 flammaque
761 3353 872 3410 creatis:

919 3433 986 3492 Nn:
