2359 3875
305 421 518 494 ΜΒΝ
562 371 827 496 prtinus,
933 451 970 496 ιι

176 552 268 611 Multa
282 552 375 609 modis
388 551 486 608 multis
500 549 576 608 varia
589 554 697 610 ratione
710 554 818 610 moveri

175 633 327 690 Cernimus
340 649 404 689 ante
417 635 529 696 oculor,
557 653 627 708 quae,
643 635 660 692 fi
675 654 731 690 non
745 633 940 704 eiietrunttz,

174 715 243 770 Non
258 730 313 769 tam
328 714 449 770 soilicito
462 729 539 768 motu
555 715 662 788 privata
675 730 814 780 carerent3

176 795 273 871 Quam
287 795 381 869 genita
394 794 512 849 omnino
526 796 603 850 nulla
618 811 722 850 retrone
736 792 863 851 iuiffent:

175 874 312 949 Undique
322 875 454 930 Materies
463 875 599 947 quoniam
608 875 705 950 flipata
717 873 845 950 quieffet.

217 956 353 1011 Pr'aeterea
366 956 494 1029 quamvis
505 953 596 1011 soiidae
610 975 650 1011 res
664 956 714 1011 eile
729 963 879 1030 putentur‚'

174 1035 253 1093 Hinc
267 1050 361 1090 tamen
375 1032 428 1091 effe
440 1035 503 1090 licet
516 1054 577 1090 raro
591 1055 655 1090 curn
669 1055 788 1112 corpore
800 1055 912 1096 cernue

175 1117 210 1171 In
224 1116 305 1182 saxis,
321 1137 352 1171 ac
366 1115 506 1191 speluncis
521 1129 663 1190 permanet
676 1117 825 1190 Aquarum

174 1196 316 1271 liquidus
328 1195 446 1261 humor,
461 1209 487 1251 et
500 1195 634 1252 uberibus
646 1196 714 1252 flent
726 1198 822 1253 omnia
835 1197 920 1274 guttis

175 1274 308 1353 Diffupat
318 1278 351 1332 in
365 1295 469 1351 corpus
482 1275 534 1331 sese
547 1278 626 1333 cibus
640 1296 725 1332 omne
737 1277 925 1334 animantum

176 1357 315 1413 Crescunt
328 1356 447 1422 arbuiia,
463 1372 489 1411 et
502 1355 583 1413 foetus
598 1358 627 1414 in
641 1373 768 1433 ternpore
781 1356 916 1425 fundunt,-

176 1438 266 1513 Quod
280 1440 360 1494 cibus
372 1438 402 1492 in
416 1451 486 1493 totas
499 1437 584 1511 usque
597 1440 631 1492 nb
646 1437 787 1494 radientur
800 1438 866 1495 imis

174 1517 228 1574 Per
243 1534 369 1584 truncos,
382 1538 413 1573 ar
427 1536 477 1592 per
490 1536 581 1572 ramos
594 1516 765 1574 diffunditur
777 1520 900 1577 omneitt
956 1547 959 1554 ·

177 1598 258 1654 Inter
273 1598 348 1675 septa
361 1615 454 1654 meant
466 1617 556 1663 voees,
571 1613 598 1652 et
611 1598 700 1654 clausa
708 1597 863 1657 domorum

174 1677 404 1736 TransvoIitnnt:
428 1676 549 1753 rigidum
563 1692 709 1753 permanat
720 1676 809 1753 frigus
822 1679 857 1735 ad
868 1680 936 1738 offa.

176 1759 276 1836 Quod,
291 1758 344 1815 niti
358 1777 485 1814 runnu
500 1758 561 1822 fint,
573 1777 628 1833 qua
641 1756 749 1834 poffent
761 1777 881 1838 corpora
892 1781 968 1838 quae-

303 1859 359 1914 que

175 1918 317 1986 Traniire,
333 1917 410 1975 haud
424 1919 483 1975 ulla
497 1917 556 1974 fieri
566 1917 675 1977 ratione
687 1919 806 1980 videres.

220 2000 352 2075 Denique
364 2019 415 2055 cur
427 2001 494 2055 alias
507 1998 568 2056 aliis
581 2002 706 2076 prestare
718 2003 847 2060 videmus

177 2081 304 2137 Pondere
317 2101 359 2136 ren
370 2080 462 2145 rebus,
477 2077 568 2155 nihilo
582 2083 685 2157 majore
700 2082 810 2158 figura?

178 2162 263 2225 Nam,
279 2161 298 2216 sr
313 2155 510 2216 tantundem'st
521 2165 552 2214 in
566 2162 639 2216 lanae·
666 2163 779 2228 lomere,
790 2180 929 2238 quantum

179 2241 315 2317 Corporis
325 2241 356 2295 in
366 2235 528 2315 plumbo'st‚
543 2182 708 2299 tantundem
724 2243 844 2318 pendere
855 2266 906 2322 par
915 2244 968 2315 effi

176 2320 317 2397 Corporis
334 2319 459 2376 officium
473 2320 508 2375 ett
522 2323 658 2395 queniam
677 2343 804 2400 premere
820 2326 971 2384 omniade-

302 2398 412 2457 orsum':
524 2412 528 2417 '

180 2481 288 2538 Contra
301 2495 394 2537 autem
408 2493 506 2537 natura
519 2497 611 2555 manet
624 2483 679 2540 fine
692 2484 818 2561 pondere
833 2507 866 2544 ru
875 2507 892 2543 Α
901 2504 968 2545 nrt.

180 2562 254 2639 Ergo
262 2560 343 2637 quod
354 2558 518 2639 inagnum'ii
533 2581 620 2638 eque,
640 2566 784 2640 leviusque
799 2566 924 2634 videtur,

178 2641 324 2698 Nimirum
337 2643 400 2718 plus
414 2640 465 2696 effe
479 2641 528 2697 nbi
540 2643 662 2701 declarat
677 2665 814 2703 innurs.

179 2722 220 2776 At
230 2738 328 2780 contra
338 2724 452 2799 gravius
465 2725 529 2798 plur
543 2723 573 2778 in
586 2724 612 2779 se
629 2744 796 2783 conronrs
812 2724 866 2782 effe

179 2801 307 2869 Dedicat,
322 2816 349 2858 et
360 2804 453 2860 inulto
467 2823 573 2860 vncur
591 2808 686 2862 minus
698 2806 774 2863 intus
784 2804 895 2865 habere.
930 2834 932 2839 ·

180 2881 224 2937 Est
239 2883 327 2960 igitur
339 2883 532 2949 nimirumid,
546 2886 624 2958 quod
638 2887 744 2942 ratione
758 2887 845 2964 sagaci
887 2952 890 2961 Ι
904 2908 906 2913 ·
934 2885 938 2893 '

181 2963 355 3039 Quaerimus,
366 2962 519 3037 'ndmiiium
533 2967 624 3033 rebus,
640 2967 717 3041 quod
730 2968 814 3024 inane
826 2986 970 3028 vocamus.
1027 2982 1032 2993 '

224 3043 302 3099 Illud
316 3042 346 3098 in
359 3041 403 3098 h'is
417 3044 510 3109 rebus.
528 3059 553 3099 te
564 3066 600 3101 ne
613 3047 747 3103 deducere
760 3066 826 3105 vero

180 3121 275 3189 Poffit,
291 3123 496 3198 quodquidam
510 3125 632 3202 fingunt.
648 3146 817 3203 precurrere
830 3146 928 3208 cogor.

179 3202 285 3259 Cedere
300 3204 477 3285 squamigeris
491 3204 584 3262 latices
597 3208 753 3264 nitentibus
766 3209 856 3276 aiunt,

181 3282 218 3337 Et
229 3282 351 3358 liquidas
364 3284 471 3363 aperire
485 3285 559 3352 vias3
584 3287 725 3364 quia'post
735 3290 796 3345 loca
809 3289 896 3369 pisces
934 3312 937 3319 ·

181 3361 338 3440 Linquitur,
346 3378 415 3440 quo-
423 3364 526 3441 poffint
537 3367 664 3427 cedentes
677 3368 818 3429 confluere
829 3369 931 3430 nudet

944 3448 1001 3512 Sue

528 3578 555 3596 U
