<?xml version="1.0" encoding="UTF-8"?>
<!DOCTYPE html PUBLIC "-//W3C//DTD XHTML 1.0 Transitional//EN"
    "http://www.w3.org/TR/xhtml1/DTD/xhtml1-transitional.dtd">
<html xmlns="http://www.w3.org/1999/xhtml" xml:lang="en" lang="en">
 <head>
  <title>
</title>
<meta http-equiv="Content-Type" content="text/html;charset=utf-8" />
  <meta name='ocr-system' content='tesseract 3.04.00' />
  <meta name='ocr-capabilities' content='ocr_page ocr_carea ocr_par ocr_line ocrx_word'/>
</head>
<body>
  <div class='ocr_page' id='page_1' title='image "./titilucretiicar03carugoog_0075.png"; bbox 0 0 2359 3875; ppageno 0'>
   <div class='ocr_carea' id='block_1_1' title="bbox 320 417 985 514">
    <p class='ocr_par' dir='ltr' id='par_1_1' title="bbox 320 417 985 514">
     <span class='ocr_line' id='line_1_1' title="bbox 320 417 985 514; baseline 0.002 -22"><span class='ocrx_word' id='word_1_1' title='bbox 320 424 506 495; x_wconf 70' lang='lat' dir='ltr'>mnan</span> <span class='ocrx_word' id='word_1_2' title='bbox 543 417 838 495; x_wconf 68' lang='lat' dir='ltr'>nunus,</span> <span class='ocrx_word' id='word_1_3' title='bbox 940 425 985 514; x_wconf 80' lang='lat'>⁶9</span> 
     </span>
    </p>
   </div>
   <div class='ocr_carea' id='block_1_2' title="bbox 156 544 1075 3506">
    <p class='ocr_par' dir='ltr' id='par_1_2' title="bbox 212 544 928 789">
     <span class='ocr_line' id='line_1_2' title="bbox 212 544 889 631; baseline 0.006 -28"><span class='ocrx_word' id='word_1_4' title='bbox 212 552 215 559; x_wconf 90' lang='lat'>&#39;</span> <span class='ocrx_word' id='word_1_5' title='bbox 241 544 289 605; x_wconf 85' lang='lat' dir='ltr'>Nan</span> <span class='ocrx_word' id='word_1_6' title='bbox 298 572 355 610; x_wconf 77' lang='lat' dir='ltr'>vere</span> <span class='ocrx_word' id='word_1_7' title='bbox 367 574 448 611; x_wconf 78' lang='lat' dir='ltr'>voees</span> <span class='ocrx_word' id='word_1_8' title='bbox 462 570 523 612; x_wconf 83' lang='lat' dir='ltr'>tum</span> <span class='ocrx_word' id='word_1_9' title='bbox 532 554 647 611; x_wconf 84' lang='lat' dir='ltr'>demum</span> <span class='ocrx_word' id='word_1_10' title='bbox 661 552 771 631; x_wconf 69' lang='lat' dir='ltr'>pedore</span> <span class='ocrx_word' id='word_1_11' title='bbox 783 553 817 609; x_wconf 81' lang='lat' dir='ltr'>ab</span> <span class='ocrx_word' id='word_1_12' title='bbox 830 552 889 607; x_wconf 87' lang='lat' dir='ltr'>imo</span> 
     </span>
     <span class='ocr_line' id='line_1_3' title="bbox 238 625 876 713; baseline 0.008 -31"><span class='ocrx_word' id='word_1_13' title='bbox 238 625 372 702; x_wconf 78' lang='lat' dir='ltr'>Ejiciuutu13</span> <span class='ocrx_word' id='word_1_14' title='bbox 396 649 423 691; x_wconf 87' lang='lat' dir='ltr'>et</span> <span class='ocrx_word' id='word_1_15' title='bbox 437 636 560 713; x_wconf 85' lang='lat' dir='ltr'>eripitur</span> <span class='ocrx_word' id='word_1_16' title='bbox 572 636 699 711; x_wconf 75' lang='lat' dir='ltr'>persona,</span> <span class='ocrx_word' id='word_1_17' title='bbox 715 648 807 690; x_wconf 85' lang='lat' dir='ltr'>manet</span> <span class='ocrx_word' id='word_1_18' title='bbox 822 652 876 689; x_wconf 81' lang='lat' dir='ltr'>res.</span> 
     </span>
     <span class='ocr_line' id='line_1_4' title="bbox 264 708 928 789; baseline 0.002 -23"><span class='ocrx_word' id='word_1_19' title='bbox 264 708 370 789; x_wconf 84' lang='lat' dir='ltr'>Denique</span> <span class='ocrx_word' id='word_1_20' title='bbox 382 717 521 782; x_wconf 83' lang='lat' dir='ltr'>avarities,</span> <span class='ocrx_word' id='word_1_21' title='bbox 536 731 562 771; x_wconf 86' lang='lat' dir='ltr'>et</span> <span class='ocrx_word' id='word_1_22' title='bbox 575 714 716 772; x_wconf 85' lang='lat' dir='ltr'>honorum</span> <span class='ocrx_word' id='word_1_23' title='bbox 730 734 799 772; x_wconf 80' lang='lat' dir='ltr'>caeca</span> <span class='ocrx_word' id='word_1_24' title='bbox 811 712 928 787; x_wconf 88' lang='lat' dir='ltr'>cupido,</span> 
     </span>
    </p>

    <p class='ocr_par' dir='ltr' id='par_1_3' title="bbox 156 786 1075 1434">
     <span class='ocr_line' id='line_1_5' title="bbox 156 786 944 871; baseline 0.004 -26"><span class='ocrx_word' id='word_1_25' title='bbox 156 809 160 868; x_wconf 55' lang='grc' dir='ltr'>ῃ</span> <span class='ocrx_word' id='word_1_26' title='bbox 235 786 284 863; x_wconf 76' lang='lat' dir='ltr'>Qua</span> <span class='ocrx_word' id='word_1_27' title='bbox 293 795 395 853; x_wconf 78' lang='lat' dir='ltr'>miseros</span> <span class='ocrx_word' id='word_1_28' title='bbox 406 795 534 852; x_wconf 77' lang='lat' dir='ltr'>hominen</span> <span class='ocrx_word' id='word_1_29' title='bbox 545 810 650 871; x_wconf 81' lang='lat' dir='ltr'>cogunt</span> <span class='ocrx_word' id='word_1_30' title='bbox 663 794 851 851; x_wconf 78' lang='lat' dir='ltr'>transcendere</span> <span class='ocrx_word' id='word_1_31' title='bbox 864 792 944 849; x_wconf 85' lang='lat' dir='ltr'>fineis</span> 
     </span>
     <span class='ocr_line' id='line_1_6' title="bbox 229 866 983 950; baseline 0.007 -28"><span class='ocrx_word' id='word_1_32' title='bbox 229 866 297 936; x_wconf 68' lang='lat' dir='ltr'>Jurist</span> <span class='ocrx_word' id='word_1_33' title='bbox 311 890 334 930; x_wconf 90' lang='lat' dir='ltr'>et</span> <span class='ocrx_word' id='word_1_34' title='bbox 344 877 486 932; x_wconf 82' lang='lat' dir='ltr'>interdum</span> <span class='ocrx_word' id='word_1_35' title='bbox 494 876 579 933; x_wconf 78' lang='lat' dir='ltr'>socios</span> <span class='ocrx_word' id='word_1_36' title='bbox 587 875 731 941; x_wconf 74' lang='lat' dir='ltr'>scelernm,</span> <span class='ocrx_word' id='word_1_37' title='bbox 746 890 828 950; x_wconf 79' lang='lat' dir='ltr'>atque</span> <span class='ocrx_word' id='word_1_38' title='bbox 841 872 983 929; x_wconf 68' lang='lat' dir='ltr'>ministros</span> 
     </span>
     <span class='ocr_line' id='line_1_7' title="bbox 231 946 805 1032; baseline 0.007 -25"><span class='ocrx_word' id='word_1_39' title='bbox 231 946 310 1011; x_wconf 72' lang='lat' dir='ltr'>Noueis</span> <span class='ocrx_word' id='word_1_40' title='bbox 322 972 402 1030; x_wconf 87' lang='lat' dir='ltr'>atque</span> <span class='ocrx_word' id='word_1_41' title='bbox 416 957 475 1015; x_wconf 85' lang='lat' dir='ltr'>dies</span> <span class='ocrx_word' id='word_1_42' title='bbox 487 957 541 1013; x_wconf 91' lang='lat' dir='ltr'>niti</span> <span class='ocrx_word' id='word_1_43' title='bbox 557 956 698 1032; x_wconf 74' lang='lat' dir='ltr'>prestante</span> <span class='ocrx_word' id='word_1_44' title='bbox 711 957 805 1012; x_wconf 75' lang='lat' dir='ltr'>labore</span> 
     </span>
     <span class='ocr_line' id='line_1_8' title="bbox 230 1027 927 1113; baseline 0.011 -32"><span class='ocrx_word' id='word_1_45' title='bbox 230 1027 261 1085; x_wconf 77' lang='lat' dir='ltr'>Ad</span> <span class='ocrx_word' id='word_1_46' title='bbox 271 1031 378 1093; x_wconf 84' lang='lat' dir='ltr'>summas</span> <span class='ocrx_word' id='word_1_47' title='bbox 390 1056 528 1113; x_wconf 79' lang='lat' dir='ltr'>emergere</span> <span class='ocrx_word' id='word_1_48' title='bbox 541 1039 633 1113; x_wconf 83' lang='lat' dir='ltr'>opeis:</span> <span class='ocrx_word' id='word_1_49' title='bbox 658 1036 717 1091; x_wconf 78' lang='lat' dir='ltr'>hec</span> <span class='ocrx_word' id='word_1_50' title='bbox 731 1038 849 1091; x_wconf 84' lang='lat' dir='ltr'>vulnera</span> <span class='ocrx_word' id='word_1_51' title='bbox 862 1034 927 1090; x_wconf 84' lang='lat' dir='ltr'>vitae</span> 
     </span>
     <span class='ocr_line' id='line_1_9' title="bbox 229 1106 968 1193; baseline 0 -24"><span class='ocrx_word' id='word_1_52' title='bbox 229 1106 275 1168; x_wconf 78' lang='lat' dir='ltr'>Nou</span> <span class='ocrx_word' id='word_1_53' title='bbox 286 1116 427 1173; x_wconf 85' lang='lat' dir='ltr'><strong>minimam</strong></span> <span class='ocrx_word' id='word_1_54' title='bbox 442 1131 546 1193; x_wconf 84' lang='lat' dir='ltr'>partem</span> <span class='ocrx_word' id='word_1_55' title='bbox 562 1118 660 1175; x_wconf 81' lang='lat' dir='ltr'>mortis</span> <span class='ocrx_word' id='word_1_56' title='bbox 674 1116 824 1173; x_wconf 81' lang='lat' dir='ltr'>fumidine</span> <span class='ocrx_word' id='word_1_57' title='bbox 837 1117 968 1171; x_wconf 83' lang='lat' dir='ltr'>aluntur.</span> 
     </span>
     <span class='ocr_line' id='line_1_10' title="bbox 228 1184 1075 1274; baseline -0.004 -26"><span class='ocrx_word' id='word_1_58' title='bbox 228 1184 307 1267; x_wconf 72' lang='lat' dir='ltr'>Turpis</span> <span class='ocrx_word' id='word_1_59' title='bbox 316 1198 390 1252; x_wconf 82' lang='lat' dir='ltr'>enim</span> <span class='ocrx_word' id='word_1_60' title='bbox 401 1196 484 1263; x_wconf 74' lang='lat' dir='ltr'>fama,</span> <span class='ocrx_word' id='word_1_61' title='bbox 501 1213 526 1254; x_wconf 89' lang='lat' dir='ltr'>et</span> <span class='ocrx_word' id='word_1_62' title='bbox 537 1210 723 1274; x_wconf 84' lang='lat' dir='ltr'>contemptus,</span> <span class='ocrx_word' id='word_1_63' title='bbox 739 1212 766 1252; x_wconf 88' lang='lat' dir='ltr'>et</span> <span class='ocrx_word' id='word_1_64' title='bbox 780 1196 850 1252; x_wconf 78' lang='lat' dir='ltr'>acris</span> <span class='ocrx_word' id='word_1_65' title='bbox 864 1191 964 1271; x_wconf 76' lang='lat' dir='ltr'>egestas</span> <span class='ocrx_word' id='word_1_66' title='bbox 996 1225 1015 1260; x_wconf 72' lang='lat' dir='ltr'>,z</span> <span class='ocrx_word' id='word_1_67' title='bbox 1070 1232 1075 1246; x_wconf 91' lang='lat'><em>.</em></span> 
     </span>
     <span class='ocr_line' id='line_1_11' title="bbox 228 1266 838 1353; baseline -0.002 -23"><span class='ocrx_word' id='word_1_68' title='bbox 228 1266 307 1330; x_wconf 71' lang='lat' dir='ltr'>Senon</span> <span class='ocrx_word' id='word_1_69' title='bbox 319 1278 352 1332; x_wconf 90' lang='lat' dir='ltr'>ab</span> <span class='ocrx_word' id='word_1_70' title='bbox 365 1277 444 1333; x_wconf 81' lang='lat' dir='ltr'>dulci</span> <span class='ocrx_word' id='word_1_71' title='bbox 458 1278 515 1333; x_wconf 83' lang='lat' dir='ltr'>vita</span> <span class='ocrx_word' id='word_1_72' title='bbox 529 1277 675 1353; x_wconf 73' lang='lat' dir='ltr'>stabilique</span> <span class='ocrx_word' id='word_1_73' title='bbox 687 1278 838 1340; x_wconf 60' lang='lat' dir='ltr'>videntum</span> 
     </span>
     <span class='ocr_line' id='line_1_12' title="bbox 228 1346 836 1434; baseline -0.002 -25"><span class='ocrx_word' id='word_1_74' title='bbox 228 1346 252 1402; x_wconf 85' lang='lat' dir='ltr'>Et</span> <span class='ocrx_word' id='word_1_75' title='bbox 262 1357 322 1427; x_wconf 86' lang='lat' dir='ltr'>quafi</span> <span class='ocrx_word' id='word_1_76' title='bbox 332 1359 391 1433; x_wconf 85' lang='lat' dir='ltr'>jam</span> <span class='ocrx_word' id='word_1_77' title='bbox 404 1356 473 1414; x_wconf 80' lang='lat' dir='ltr'>lethi</span> <span class='ocrx_word' id='word_1_78' title='bbox 483 1373 578 1434; x_wconf 79' lang='lat' dir='ltr'>portas</span> <span class='ocrx_word' id='word_1_79' title='bbox 590 1357 746 1415; x_wconf 60' lang='lat' dir='ltr'>cunetarier</span> <span class='ocrx_word' id='word_1_80' title='bbox 757 1372 836 1412; x_wconf 78' lang='lat' dir='ltr'>ante:</span> 
     </span>
    </p>

    <p class='ocr_par' dir='ltr' id='par_1_4' title="bbox 174 1425 991 3506">
     <span class='ocr_line' id='line_1_13' title="bbox 227 1425 848 1503; baseline 0.008 -16"><span class='ocrx_word' id='word_1_81' title='bbox 227 1425 287 1488; x_wconf 86' lang='lat' dir='ltr'>Unde</span> <span class='ocrx_word' id='word_1_82' title='bbox 298 1434 432 1503; x_wconf 66' lang='lat' dir='ltr'>honines,</span> <span class='ocrx_word' id='word_1_83' title='bbox 448 1438 516 1496; x_wconf 83' lang='lat' dir='ltr'>dum</span> <span class='ocrx_word' id='word_1_84' title='bbox 530 1439 554 1493; x_wconf 84' lang='lat' dir='ltr'>se</span> <span class='ocrx_word' id='word_1_85' title='bbox 563 1437 630 1494; x_wconf 82' lang='lat' dir='ltr'>falso</span> <span class='ocrx_word' id='word_1_86' title='bbox 645 1453 749 1494; x_wconf 82' lang='lat' dir='ltr'>terrore</span> <span class='ocrx_word' id='word_1_87' title='bbox 762 1435 848 1492; x_wconf 74' lang='lat' dir='ltr'>coadi</span> 
     </span>
     <span class='ocr_line' id='line_1_14' title="bbox 227 1506 857 1594; baseline 0.014 -31"><span class='ocrx_word' id='word_1_88' title='bbox 227 1506 336 1589; x_wconf 77' lang='lat' dir='ltr'>Resugiffe</span> <span class='ocrx_word' id='word_1_89' title='bbox 346 1520 446 1573; x_wconf 86' lang='lat' dir='ltr'>volunt</span> <span class='ocrx_word' id='word_1_90' title='bbox 459 1519 549 1593; x_wconf 79' lang='lat' dir='ltr'>longe,</span> <span class='ocrx_word' id='word_1_91' title='bbox 567 1520 703 1594; x_wconf 80' lang='lat' dir='ltr'>longeque</span> <span class='ocrx_word' id='word_1_92' title='bbox 716 1515 828 1581; x_wconf 78' lang='lat' dir='ltr'>receffe3</span> <span class='ocrx_word' id='word_1_93' title='bbox 854 1515 857 1521; x_wconf 78' lang='grc'><strong>’</strong></span> 
     </span>
     <span class='ocr_line' id='line_1_15' title="bbox 227 1585 839 1671; baseline 0 -20"><span class='ocrx_word' id='word_1_94' title='bbox 227 1585 336 1667; x_wconf 73' lang='lat' dir='ltr'>Sanguine</span> <span class='ocrx_word' id='word_1_95' title='bbox 349 1598 430 1654; x_wconf 78' lang='lat' dir='ltr'>civiti</span> <span class='ocrx_word' id='word_1_96' title='bbox 437 1617 495 1658; x_wconf 76' lang='lat' dir='ltr'>rem</span> <span class='ocrx_word' id='word_1_97' title='bbox 509 1599 647 1663; x_wconf 81' lang='lat' dir='ltr'>conflant3</span> <span class='ocrx_word' id='word_1_98' title='bbox 672 1596 839 1671; x_wconf 79' lang='lat' dir='ltr'>divitiasque</span> 
     </span>
     <span class='ocr_line' id='line_1_16' title="bbox 226 1666 935 1751; baseline 0.008 -25"><span class='ocrx_word' id='word_1_99' title='bbox 226 1666 411 1751; x_wconf 75' lang='lat' dir='ltr'>conduplicant</span> <span class='ocrx_word' id='word_1_100' title='bbox 423 1678 511 1744; x_wconf 81' lang='lat' dir='ltr'>avidi,</span> <span class='ocrx_word' id='word_1_101' title='bbox 526 1678 625 1734; x_wconf 75' lang='lat' dir='ltr'>eedem</span> <span class='ocrx_word' id='word_1_102' title='bbox 637 1676 704 1733; x_wconf 74' lang='lat' dir='ltr'>cadi</span> <span class='ocrx_word' id='word_1_103' title='bbox 718 1676 935 1734; x_wconf 74' lang='lat' dir='ltr'>accumulantes:</span> 
     </span>
     <span class='ocr_line' id='line_1_17' title="bbox 225 1745 822 1833; baseline 0.007 -25"><span class='ocrx_word' id='word_1_104' title='bbox 225 1745 331 1812; x_wconf 74' lang='lat' dir='ltr'>Crudeles</span> <span class='ocrx_word' id='word_1_105' title='bbox 341 1756 465 1833; x_wconf 70' lang='lat' dir='ltr'>gaudent</span> <span class='ocrx_word' id='word_1_106' title='bbox 476 1758 507 1813; x_wconf 87' lang='lat' dir='ltr'>in</span> <span class='ocrx_word' id='word_1_107' title='bbox 522 1757 591 1813; x_wconf 74' lang='lat' dir='ltr'>tristi</span> <span class='ocrx_word' id='word_1_108' title='bbox 604 1756 699 1813; x_wconf 76' lang='lat' dir='ltr'>funere</span> <span class='ocrx_word' id='word_1_109' title='bbox 713 1756 822 1815; x_wconf 81' lang='lat' dir='ltr'>fratris:</span> 
     </span>
     <span class='ocr_line' id='line_1_18' title="bbox 223 1823 886 1912; baseline 0.009 -25"><span class='ocrx_word' id='word_1_110' title='bbox 223 1823 482 1912; x_wconf 56' lang='lat' dir='ltr'>&amp;consanguineum</span> <span class='ocrx_word' id='word_1_111' title='bbox 494 1838 599 1896; x_wconf 81' lang='lat' dir='ltr'>mensas</span> <span class='ocrx_word' id='word_1_112' title='bbox 611 1837 705 1904; x_wconf 80' lang='lat' dir='ltr'>odere,</span> <span class='ocrx_word' id='word_1_113' title='bbox 722 1838 886 1912; x_wconf 84' lang='lat' dir='ltr'>timentque.</span> 
     </span>
     <span class='ocr_line' id='line_1_19' title="bbox 252 1912 861 1994; baseline 0.011 -26"><span class='ocrx_word' id='word_1_114' title='bbox 252 1912 384 1974; x_wconf 82' lang='lat' dir='ltr'>Gunfimili</span> <span class='ocrx_word' id='word_1_115' title='bbox 398 1920 503 1975; x_wconf 88' lang='lat' dir='ltr'>ratione</span> <span class='ocrx_word' id='word_1_116' title='bbox 516 1920 550 1975; x_wconf 90' lang='lat' dir='ltr'>ab</span> <span class='ocrx_word' id='word_1_117' title='bbox 563 1918 661 1975; x_wconf 88' lang='lat' dir='ltr'>eodem</span> <span class='ocrx_word' id='word_1_118' title='bbox 675 1918 744 1994; x_wconf 85' lang='lat' dir='ltr'>saepe</span> <span class='ocrx_word' id='word_1_119' title='bbox 759 1919 861 1975; x_wconf 83' lang='lat' dir='ltr'>timore</span> 
     </span>
     <span class='ocr_line' id='line_1_20' title="bbox 188 1983 973 2074; baseline 0.009 -27"><span class='ocrx_word' id='word_1_120' title='bbox 188 2042 191 2047; x_wconf 88' lang='lat'>.</span> <span class='ocrx_word' id='word_1_121' title='bbox 220 1983 316 2052; x_wconf 75' lang='lat' dir='ltr'>Macetat</span> <span class='ocrx_word' id='word_1_122' title='bbox 328 1998 453 2055; x_wconf 82' lang='lat' dir='ltr'>invidia:</span> <span class='ocrx_word' id='word_1_123' title='bbox 476 2015 540 2056; x_wconf 86' lang='lat' dir='ltr'>ante</span> <span class='ocrx_word' id='word_1_124' title='bbox 553 2001 648 2055; x_wconf 82' lang='lat' dir='ltr'>oculos</span> <span class='ocrx_word' id='word_1_125' title='bbox 662 2000 745 2056; x_wconf 88' lang='lat' dir='ltr'>illum</span> <span class='ocrx_word' id='word_1_126' title='bbox 755 1998 806 2054; x_wconf 79' lang='lat' dir='ltr'>effe</span> <span class='ocrx_word' id='word_1_127' title='bbox 819 2010 973 2074; x_wconf 79' lang='lat' dir='ltr'>potentem,</span> 
     </span>
     <span class='ocr_line' id='line_1_21' title="bbox 220 2065 856 2154; baseline 0.02 -33"><span class='ocrx_word' id='word_1_128' title='bbox 220 2065 289 2131; x_wconf 82' lang='lat' dir='ltr'>Illum</span> <span class='ocrx_word' id='word_1_129' title='bbox 298 2078 438 2154; x_wconf 60' lang='lat' dir='ltr'>aspeestari,</span> <span class='ocrx_word' id='word_1_130' title='bbox 453 2082 583 2154; x_wconf 84' lang='lat' dir='ltr'>claroque</span> <span class='ocrx_word' id='word_1_131' title='bbox 595 2080 721 2135; x_wconf 80' lang='lat' dir='ltr'>incedete</span> <span class='ocrx_word' id='word_1_132' title='bbox 733 2078 856 2143; x_wconf 81' lang='lat' dir='ltr'>honore3</span> 
     </span>
     <span class='ocr_line' id='line_1_22' title="bbox 218 2145 901 2234; baseline 0.004 -24"><span class='ocrx_word' id='word_1_133' title='bbox 218 2145 258 2225; x_wconf 68' lang='lat' dir='ltr'>lpfi</span> <span class='ocrx_word' id='word_1_134' title='bbox 269 2155 291 2213; x_wconf 89' lang='lat' dir='ltr'>se</span> <span class='ocrx_word' id='word_1_135' title='bbox 299 2161 329 2215; x_wconf 90' lang='lat' dir='ltr'>in</span> <span class='ocrx_word' id='word_1_136' title='bbox 344 2160 464 2214; x_wconf 79' lang='lat' dir='ltr'>tenebris</span> <span class='ocrx_word' id='word_1_137' title='bbox 478 2160 568 2226; x_wconf 78' lang='lat' dir='ltr'>volvi,</span> <span class='ocrx_word' id='word_1_138' title='bbox 585 2179 722 2233; x_wconf 75' lang='lat' dir='ltr'>coenoque</span> <span class='ocrx_word' id='word_1_139' title='bbox 733 2172 901 2234; x_wconf 75' lang='lat' dir='ltr'>queruntur.</span> 
     </span>
     <span class='ocr_line' id='line_1_23' title="bbox 219 2225 900 2315; baseline 0.009 -27"><span class='ocrx_word' id='word_1_140' title='bbox 219 2225 343 2297; x_wconf 84' lang='lat' dir='ltr'>lutereunt</span> <span class='ocrx_word' id='word_1_141' title='bbox 353 2239 458 2314; x_wconf 73' lang='lat' dir='ltr'>paetim</span> <span class='ocrx_word' id='word_1_142' title='bbox 469 2240 631 2303; x_wconf 79' lang='lat' dir='ltr'>statuarum,</span> <span class='ocrx_word' id='word_1_143' title='bbox 647 2254 674 2294; x_wconf 85' lang='lat' dir='ltr'>et</span> <span class='ocrx_word' id='word_1_144' title='bbox 685 2237 900 2315; x_wconf 80' lang='lat' dir='ltr'>numinisergo:</span> 
     </span>
     <span class='ocr_line' id='line_1_24' title="bbox 215 2309 860 2395; baseline 0.012 -27"><span class='ocrx_word' id='word_1_145' title='bbox 215 2309 241 2368; x_wconf 78' lang='lat' dir='ltr'>Et</span> <span class='ocrx_word' id='word_1_146' title='bbox 251 2316 314 2395; x_wconf 79' lang='lat' dir='ltr'>sape</span> <span class='ocrx_word' id='word_1_147' title='bbox 327 2318 413 2393; x_wconf 87' lang='lat' dir='ltr'>usque</span> <span class='ocrx_word' id='word_1_148' title='bbox 426 2319 505 2385; x_wconf 85' lang='lat' dir='ltr'>adeo,</span> <span class='ocrx_word' id='word_1_149' title='bbox 514 2319 612 2375; x_wconf 76' lang='lat' dir='ltr'>mortis</span> <span class='ocrx_word' id='word_1_150' title='bbox 625 2318 786 2385; x_wconf 76' lang='lat' dir='ltr'>formidine,</span> <span class='ocrx_word' id='word_1_151' title='bbox 797 2321 860 2376; x_wconf 80' lang='lat' dir='ltr'>vita</span> 
     </span>
     <span class='ocr_line' id='line_1_25' title="bbox 211 2389 877 2474; baseline 0.011 -26"><span class='ocrx_word' id='word_1_152' title='bbox 211 2389 320 2474; x_wconf 84' lang='lat' dir='ltr'>Percipit</span> <span class='ocrx_word' id='word_1_153' title='bbox 332 2397 469 2454; x_wconf 80' lang='lat' dir='ltr'>humanos</span> <span class='ocrx_word' id='word_1_154' title='bbox 481 2399 593 2465; x_wconf 74' lang='lat' dir='ltr'>odium,</span> <span class='ocrx_word' id='word_1_155' title='bbox 607 2399 730 2474; x_wconf 84' lang='lat' dir='ltr'>lucisque</span> <span class='ocrx_word' id='word_1_156' title='bbox 739 2399 877 2465; x_wconf 78' lang='lat' dir='ltr'>videnda,</span> 
     </span>
     <span class='ocr_line' id='line_1_26' title="bbox 174 2468 876 2555; baseline 0.007 -25"><span class='ocrx_word' id='word_1_157' title='bbox 174 2542 178 2552; x_wconf 34' lang='grc' dir='ltr'><strong><em>Ι</em></strong></span> <span class='ocrx_word' id='word_1_158' title='bbox 211 2471 242 2531; x_wconf 85' lang='lat' dir='ltr'>Ut</span> <span class='ocrx_word' id='word_1_159' title='bbox 251 2478 296 2535; x_wconf 79' lang='lat' dir='ltr'>fibi</span> <span class='ocrx_word' id='word_1_160' title='bbox 309 2477 478 2536; x_wconf 81' lang='lat' dir='ltr'>consciscant</span> <span class='ocrx_word' id='word_1_161' title='bbox 491 2480 618 2534; x_wconf 79' lang='lat' dir='ltr'>moerenti</span> <span class='ocrx_word' id='word_1_162' title='bbox 631 2468 741 2555; x_wconf 65' lang='lat' dir='ltr'>pedore</span> <span class='ocrx_word' id='word_1_163' title='bbox 751 2478 876 2545; x_wconf 67' lang='lat' dir='ltr'>lethum</span> 
     </span>
     <span class='ocr_line' id='line_1_27' title="bbox 208 2553 864 2625; baseline 0.002 -13"><span class='ocrx_word' id='word_1_164' title='bbox 208 2553 289 2614; x_wconf 82' lang='lat' dir='ltr'>Obliti</span> <span class='ocrx_word' id='word_1_165' title='bbox 299 2559 404 2616; x_wconf 81' lang='lat' dir='ltr'>fontem</span> <span class='ocrx_word' id='word_1_166' title='bbox 418 2579 550 2615; x_wconf 75' lang='lat' dir='ltr'>cunarum</span> <span class='ocrx_word' id='word_1_167' title='bbox 563 2557 640 2615; x_wconf 89' lang='lat' dir='ltr'>hunc</span> <span class='ocrx_word' id='word_1_168' title='bbox 652 2558 704 2615; x_wconf 82' lang='lat' dir='ltr'>effe</span> <span class='ocrx_word' id='word_1_169' title='bbox 717 2560 845 2615; x_wconf 87' lang='lat' dir='ltr'>timorem</span> <span class='ocrx_word' id='word_1_170' title='bbox 856 2583 864 2625; x_wconf 73' lang='grc' dir='ltr'><strong>ς</strong></span> 
     </span>
     <span class='ocr_line' id='line_1_28' title="bbox 204 2635 932 2714; baseline 0 -19"><span class='ocrx_word' id='word_1_171' title='bbox 204 2635 280 2695; x_wconf 88' lang='lat' dir='ltr'>Hunc</span> <span class='ocrx_word' id='word_1_172' title='bbox 292 2659 392 2695; x_wconf 79' lang='lat' dir='ltr'>vexare</span> <span class='ocrx_word' id='word_1_173' title='bbox 406 2640 558 2714; x_wconf 70' lang='lat' dir='ltr'>pudorem</span> <span class='ocrx_word' id='word_1_174' title='bbox 583 2638 660 2696; x_wconf 89' lang='lat' dir='ltr'>hunc</span> <span class='ocrx_word' id='word_1_175' title='bbox 674 2639 785 2694; x_wconf 82' lang='lat' dir='ltr'>vincula</span> <span class='ocrx_word' id='word_1_176' title='bbox 798 2638 932 2695; x_wconf 82' lang='lat' dir='ltr'>amicitiai</span> 
     </span>
     <span class='ocr_line' id='line_1_29' title="bbox 202 2717 959 2796; baseline 0.003 -22"><span class='ocrx_word' id='word_1_177' title='bbox 202 2719 357 2796; x_wconf 81' lang='lat' dir='ltr'>Rumpere3</span> <span class='ocrx_word' id='word_1_178' title='bbox 381 2734 407 2774; x_wconf 87' lang='lat' dir='ltr'>et</span> <span class='ocrx_word' id='word_1_179' title='bbox 421 2721 451 2775; x_wconf 81' lang='lat' dir='ltr'>in</span> <span class='ocrx_word' id='word_1_180' title='bbox 466 2719 570 2776; x_wconf 76' lang='lat' dir='ltr'>summa</span> <span class='ocrx_word' id='word_1_181' title='bbox 584 2721 714 2796; x_wconf 85' lang='lat' dir='ltr'>pietatem</span> <span class='ocrx_word' id='word_1_182' title='bbox 726 2733 846 2775; x_wconf 86' lang='lat' dir='ltr'>evertere</span> <span class='ocrx_word' id='word_1_183' title='bbox 858 2717 959 2776; x_wconf 83' lang='lat' dir='ltr'>fundu.</span> 
     </span>
     <span class='ocr_line' id='line_1_30' title="bbox 200 2798 980 2878; baseline 0.003 -23"><span class='ocrx_word' id='word_1_184' title='bbox 200 2800 269 2856; x_wconf 82' lang='lat' dir='ltr'>Natu</span> <span class='ocrx_word' id='word_1_185' title='bbox 276 2801 338 2878; x_wconf 74' lang='lat' dir='ltr'>jam</span> <span class='ocrx_word' id='word_1_186' title='bbox 350 2798 550 2875; x_wconf 80' lang='lat' dir='ltr'>saepehomines</span> <span class='ocrx_word' id='word_1_187' title='bbox 561 2803 692 2876; x_wconf 79' lang='lat' dir='ltr'>patriam,</span> <span class='ocrx_word' id='word_1_188' title='bbox 704 2798 831 2874; x_wconf 89' lang='lat' dir='ltr'>carosque</span> <span class='ocrx_word' id='word_1_189' title='bbox 841 2800 980 2875; x_wconf 78' lang='lat' dir='ltr'>parenteiu</span> 
     </span>
     <span class='ocr_line' id='line_1_31' title="bbox 198 2880 923 2957; baseline 0 -21"><span class='ocrx_word' id='word_1_190' title='bbox 198 2880 395 2945; x_wconf 82' lang='lat' dir='ltr'>Prodiderunt‚</span> <span class='ocrx_word' id='word_1_191' title='bbox 411 2880 498 2936; x_wconf 83' lang='lat' dir='ltr'>vitare</span> <span class='ocrx_word' id='word_1_192' title='bbox 511 2880 663 2937; x_wconf 86' lang='lat' dir='ltr'>Acherufia</span> <span class='ocrx_word' id='word_1_193' title='bbox 677 2880 779 2957; x_wconf 89' lang='lat' dir='ltr'>templa</span> <span class='ocrx_word' id='word_1_194' title='bbox 792 2895 923 2955; x_wconf 87' lang='lat' dir='ltr'>petentes.</span> 
     </span>
     <span class='ocr_line' id='line_1_32' title="bbox 237 2960 966 3036; baseline 0.001 -18"><span class='ocrx_word' id='word_1_195' title='bbox 237 2962 311 3018; x_wconf 87' lang='lat' dir='ltr'>Nam</span> <span class='ocrx_word' id='word_1_196' title='bbox 323 2961 413 3016; x_wconf 78' lang='lat' dir='ltr'>veluti</span> <span class='ocrx_word' id='word_1_197' title='bbox 427 2960 508 3036; x_wconf 86' lang='lat' dir='ltr'>pueri</span> <span class='ocrx_word' id='word_1_198' title='bbox 523 2961 675 3036; x_wconf 83' lang='lat' dir='ltr'>trepidant,</span> <span class='ocrx_word' id='word_1_199' title='bbox 691 2977 772 3036; x_wconf 88' lang='lat' dir='ltr'>atque</span> <span class='ocrx_word' id='word_1_200' title='bbox 782 2962 878 3017; x_wconf 87' lang='lat' dir='ltr'>omnia</span> <span class='ocrx_word' id='word_1_201' title='bbox 891 2961 966 3019; x_wconf 80' lang='lat' dir='ltr'>caecis</span> 
     </span>
     <span class='ocr_line' id='line_1_33' title="bbox 198 3040 989 3098; baseline 0.004 -3"><span class='ocrx_word' id='word_1_202' title='bbox 198 3041 231 3096; x_wconf 90' lang='lat' dir='ltr'>In</span> <span class='ocrx_word' id='word_1_203' title='bbox 247 3040 365 3097; x_wconf 84' lang='lat' dir='ltr'>tenebris</span> <span class='ocrx_word' id='word_1_204' title='bbox 379 3056 526 3098; x_wconf 83' lang='lat' dir='ltr'>metuunt:</span> <span class='ocrx_word' id='word_1_205' title='bbox 550 3041 586 3098; x_wconf 86' lang='lat' dir='ltr'>fic</span> <span class='ocrx_word' id='word_1_206' title='bbox 596 3061 648 3098; x_wconf 87' lang='lat' dir='ltr'>nos</span> <span class='ocrx_word' id='word_1_207' title='bbox 660 3041 691 3098; x_wconf 84' lang='lat' dir='ltr'>in</span> <span class='ocrx_word' id='word_1_208' title='bbox 705 3043 765 3097; x_wconf 86' lang='lat' dir='ltr'>luce</span> <span class='ocrx_word' id='word_1_209' title='bbox 780 3042 910 3098; x_wconf 83' lang='lat' dir='ltr'>timemus</span> <span class='ocrx_word' id='word_1_210' title='bbox 985 3076 989 3083; x_wconf 92' lang='lat'>·</span> 
     </span>
     <span class='ocr_line' id='line_1_34' title="bbox 197 3119 981 3197; baseline 0.004 -21"><span class='ocrx_word' id='word_1_211' title='bbox 197 3121 356 3185; x_wconf 81' lang='lat' dir='ltr'>Interdum,</span> <span class='ocrx_word' id='word_1_212' title='bbox 370 3119 460 3177; x_wconf 84' lang='lat' dir='ltr'>nihilo</span> <span class='ocrx_word' id='word_1_213' title='bbox 474 3141 535 3197; x_wconf 85' lang='lat' dir='ltr'>quae</span> <span class='ocrx_word' id='word_1_214' title='bbox 548 3122 610 3178; x_wconf 85' lang='lat' dir='ltr'>sunt</span> <span class='ocrx_word' id='word_1_215' title='bbox 620 3120 768 3177; x_wconf 86' lang='lat' dir='ltr'>metuenda</span> <span class='ocrx_word' id='word_1_216' title='bbox 780 3122 878 3196; x_wconf 78' lang='lat' dir='ltr'>magis,</span> <span class='ocrx_word' id='word_1_217' title='bbox 892 3141 981 3196; x_wconf 88' lang='lat' dir='ltr'>quam</span> 
     </span>
     <span class='ocr_line' id='line_1_35' title="bbox 197 3201 979 3280; baseline 0.003 -24"><span class='ocrx_word' id='word_1_218' title='bbox 197 3202 269 3277; x_wconf 74' lang='lat' dir='ltr'>Quae</span> <span class='ocrx_word' id='word_1_219' title='bbox 283 3201 404 3277; x_wconf 86' lang='lat' dir='ltr'>pueriin</span> <span class='ocrx_word' id='word_1_220' title='bbox 417 3203 684 3280; x_wconf 78' lang='lat' dir='ltr'>tenebrispavitant‚</span> <span class='ocrx_word' id='word_1_221' title='bbox 700 3201 979 3275; x_wconf 80' lang='lat' dir='ltr'>finguntquefutura.</span> 
     </span>
     <span class='ocr_line' id='line_1_36' title="bbox 197 3277 982 3357; baseline 0.003 -21"><span class='ocrx_word' id='word_1_222' title='bbox 197 3281 282 3337; x_wconf 87' lang='lat' dir='ltr'>Hune</span> <span class='ocrx_word' id='word_1_223' title='bbox 295 3281 386 3357; x_wconf 84' lang='lat' dir='ltr'>igitur</span> <span class='ocrx_word' id='word_1_224' title='bbox 398 3296 529 3338; x_wconf 84' lang='lat' dir='ltr'>terrorem</span> <span class='ocrx_word' id='word_1_225' title='bbox 542 3283 642 3347; x_wconf 79' lang='lat' dir='ltr'>animi,</span> <span class='ocrx_word' id='word_1_226' title='bbox 659 3279 834 3355; x_wconf 83' lang='lat' dir='ltr'>tenebrasque</span> <span class='ocrx_word' id='word_1_227' title='bbox 848 3277 982 3338; x_wconf 77' lang='lat' dir='ltr'>necelfe&#39;st</span> 
     </span>
     <span class='ocr_line' id='line_1_37' title="bbox 196 3359 778 3436; baseline -0.002 -18"><span class='ocrx_word' id='word_1_228' title='bbox 196 3362 262 3418; x_wconf 90' lang='lat' dir='ltr'>Non</span> <span class='ocrx_word' id='word_1_229' title='bbox 276 3360 348 3418; x_wconf 77' lang='lat' dir='ltr'>radii</span> <span class='ocrx_word' id='word_1_230' title='bbox 361 3359 434 3428; x_wconf 79' lang='lat' dir='ltr'><strong>solis,</strong></span> <span class='ocrx_word' id='word_1_231' title='bbox 450 3381 538 3436; x_wconf 81' lang='lat' dir='ltr'>neque</span> <span class='ocrx_word' id='word_1_232' title='bbox 552 3361 645 3421; x_wconf 83' lang='lat' dir='ltr'>lucida</span> <span class='ocrx_word' id='word_1_233' title='bbox 660 3362 711 3418; x_wconf 85' lang='lat' dir='ltr'>tela</span> <span class='ocrx_word' id='word_1_234' title='bbox 720 3359 778 3417; x_wconf 83' lang='lat' dir='ltr'>diei</span> 
     </span>
     <span class='ocr_line' id='line_1_38' title="bbox 816 3437 991 3506; baseline -0.023 -9"><span class='ocrx_word' id='word_1_235' title='bbox 816 3437 991 3506; x_wconf 61' lang='lat' dir='ltr'>numnam„</span> 
     </span>
    </p>
   </div>
   <div class='ocr_carea' id='block_1_3' title="bbox 0 0 1184 3875">
    <p class='ocr_par' dir='ltr' id='par_1_5' title="bbox 0 0 1184 3875">
     <span class='ocr_line' id='line_1_39' title="bbox 0 0 1184 3875; baseline 0 5"><span class='ocrx_word' id='word_1_236' title='bbox 0 0 1184 3875; x_wconf 95' lang='lat' dir='ltr'> </span> 
     </span>
    </p>
   </div>
  </div>
 </body>
</html>
