2359 3875
952 292 970 323 4

266 452 336 507 4ιιο
452 425 969 511 Τ.Ι,[Ῐ()ΙΗΞἹἸΙι

256 556 323 613 Non
337 558 509 615 convertitur
521 559 688 626 incolumis;
713 560 757 617 sed
768 558 836 616 reda
849 558 1001 615 retrorsum

256 636 302 693 Sic
315 639 439 705 eliditur,
454 655 486 695 ut
498 639 582 714 liquis
597 641 688 715 prius,
703 641 778 697 arida
789 661 875 716 quam
888 640 919 695 fit

258 715 357 773 Cretea
367 720 496 794 persona,
510 719 615 776 adlidat
627 716 701 797 pilae'
704 741 749 787 ve,
764 722 886 785 trabive3

262 799 359 873 Atque
371 818 402 854 ea
412 800 551 856 continuo
565 799 663 856 tedam
677 802 694 856 fi
708 800 798 858 fronte
812 802 931 876 liguram

254 881 358 947 Servet,
373 894 400 934 et
411 879 503 936 elisam
518 894 590 937 retro
601 879 651 935 sese
663 882 805 956 exprimat
818 881 894 957 ipsa:

256 961 317 1017 Fiet
329 973 372 1025 ut,
386 976 449 1015 ante
462 961 560 1016 oculus
573 959 656 1016 suerit
667 962 717 1035 qui
729 961 837 1026 dexter,
852 959 898 1016 hic
911 960 990 1017 idem

254 1042 341 1097 Nunc
353 1039 384 1094 fit
396 1041 495 1106 larus,
519 1056 546 1096 et
555 1060 570 1096 e
579 1041 690 1097 laevo-lit
698 1057 796 1097 mutua
805 1041 912 1097 dexter.

299 1122 345 1178 Fit
355 1138 479 1195 quoque,
498 1119 532 1177 de
545 1121 655 1197 speculo
668 1122 698 1177 in
717 1123 859 1199 speculum
871 1136 904 1177 ut
916 1120 1043 1177 tradatur

381 1202 490 1277 imago:

256 1282 393 1359 Quinque
406 1284 499 1346 etiam,
514 1282 594 1337 sexve
604 1298 635 1337 ut
649 1282 710 1338 fieri
724 1282 865 1338 simulacra
878 1281 994 1338 suerint.

254 1364 330 1419 Nam
343 1382 513 1438 quacunque
526 1377 600 1418 retro
614 1378 690 1439 parte
702 1363 834 1419 interiore
846 1363 988 1427 latebuntt

257 1443 329 1500 Inde
342 1457 446 1509 tamen,
461 1445 589 1517 quamvis
602 1459 682 1510 torte,
699 1443 860 1518 penitusque
874 1456 992 1508 remota,

257 1524 365 1581 Omnia
377 1541 428 1598 per
440 1522 527 1579 flexos
538 1522 629 1588 aditus
642 1523 738 1580 edudla
749 1524 846 1580 licebit

258 1603 390 1660 Pluribus
403 1600 461 1657 haec
474 1603 593 1679 speculis
604 1603 772 1660 videantur
764 1624 795 1658 in
809 1603 914 1658 aedibus
927 1600 992 1658 else

255 1683 352 1759 Usque
365 1682 433 1739 adeo
445 1703 459 1738 e
472 1683 601 1775 speculo
594 1705 624 1739 1n
636 1684 778 1760 speculum
788 1683 924 1739 tralucet
916 1699 1026 1757 imago.

199 1808 204 1818 .
255 1766 292 1820 Et
305 1783 369 1818 cum
382 1764 449 1819 laeva
461 1759 533 1820 data
536 1761 568 1830 st
583 1765 615 1821 fit
627 1764 747 1830 rursum,
763 1778 794 1820 ut
806 1764 919 1819 dextera
928 1764 991 1820 fiat:

254 1844 326 1900 Inde
340 1843 490 1900 retrorsum
501 1805 594 1901 reddit
605 1845 640 1910 se,
656 1860 682 1899 et
695 1845 832 1901 convertit
841 1843 956 1899 eodem.

298 1925 474 2004 Quinetiam,
481 1924 1040 2001 quaecunquelatuseulasuntspeeulorum

253 2005 386 2063 Adfimiti
399 2006 492 2061 lateris
501 2005 609 2062 flexura
622 2006 739 2082 praedita
751 2001 853 2062 nostri.

252 2088 384 2144 Dextera
389 2105 419 2142 ea
430 2100 546 2162 propter
557 2087 640 2143 nobis
653 2081 794 2142 simulacra
807 2085 969 2150 remittunt,

252 2169 315 2225 Aut
324 2167 391 2241 quia
400 2165 435 2222 de
447 2165 579 2241 speculo
572 2186 603 2221 111
613 2167 754 2242 speculum
763 2164 941 2221 transfertur'
934 2184 1047 2242 rmago,

253 2245 373 2304 Indead
388 2265 438 2302 nos
448 2245 509 2301 elisa
523 2245 564 2301 bis
573 2246 699 2302 advolat:
722 2261 769 2302 aut
781 2247 864 2302 etiam
874 2245 953 2321 quod

252 2329 370 2384 Circum
382 2326 485 2401 agitur,
501 2345 565 2380 cunt
576 2327 653 2381 venit
662 2327 755 2402 imago
766 2352 773 2393 ;
797 2342 946 2402 propterea
958 2326 1037 2401 quod

250 2409 336 2464 Flexa
351 2406 439 2480 figura
451 2404 531 2460 docet
544 2404 647 2481 speculi
660 2408 815 2462 convertier
828 2406 862 2462 ad
872 2425 934 2461 nos.

294 2485 455 2561 Endogredi
469 2504 555 2561 porro
570 2486 675 2561 pariter
687 2486 841 2551 fimulacra,
860 2487 1015 2562 pedemque

250 2568 358 2624 Ponere
370 2564 516 2623 nobiscum
530 2566 635 2632 credas,
652 2565 812 2642 gestumque
825 2568 947 2632 imitari3

250 2649 413 2722 Propterea,
429 2645 538 2723 quiade
551 2646 655 2722 speculi
669 2667 724 2721 qna
737 2663 814 2722 parte
827 2647 948 2712 recedas,

251 2728 398 2784 Continuo
410 2742 553 2800 nequeunt
566 2727 643 2783 illinc
657 2727 799 2783 fimulacra
813 2729 929 2784 reverti:
984 2757 1007 2772 a

199 2827 201 2830 ’
241 2807 360 2865 vOmnia
371 2807 603 2883 quandoquidem
616 2809 692 2882 cogit
705 2823 803 2863 natura
816 2807 923 2871 reserri,

248 2888 294 2945 Ac
307 2887 419 2952 resilire,
431 2886 465 2941 ab
479 2888 560 2941 rebus
573 2887 608 2943 ad
618 2900 708 2961 aequos
721 2888 827 2943 reddita
841 2888 940 2942 llexus.

282 2965 443 3057 Splendida
458 2985 542 3041 porro
556 2967 633 3022 oculi
644 2966 776 3041 fugitant,
788 2969 933 3043 vitantque
943 2970 1030 3026 tueri:

252 3048 300 3104 Sol
314 3046 398 3102 etiam
407 3061 497 3112 caecat,
513 3061 608 3103 contra
622 3045 762 3102 litendere
776 3066 888 3123 pergas·

248 3128 413 3202 Propterea,
428 3128 495 3202 quia
507 3125 548 3182 vis
560 3146 659 3204 magna
663 3122 691 3181 lt
704 3127 804 3202 ipfius3
829 3142 855 3182 et
867 3129 922 3183 alte

248 3208 325 3265 Aera
338 3225 501 3282 perpurum
515 3207 637 3282 graviter
648 3207 790 3263 simulacra
803 3206 980 3274 seruutnr;

251 3289 288 3343 Et
297 3285 404 3343 feriunt
415 3288 522 3353 oculos,
539 3286 678 3343 turbantia
692 3288 902 3363 composituras.

249 3369 395 3436 Praeterea,
412 3365 553 3444 splendor,
565 3363 758 3446 quicunque'sl
767 3388 839 3437 acer,
854 3367 949 3425 adurit
1034 3409 1038 3416 -

916 3514 918 3517 ¹
956 3449 1036 3526 Saepe
