2359 3875
279 427 343 515 ηε
411 389 915 500 'raucarum

263 556 352 614 Terra
366 554 406 618 lit,
421 574 435 611 e
448 570 519 612 terra
532 558 666 631 quoniam
680 558 743 614 suut
755 557 850 615 cunila
862 573 965 615 ereata.

265 638 411 711 Multaque
422 638 590 693 nuncetiam
603 637 723 695 existunt
734 639 865 695 animalia
877 639 965 706 tetris.

268 716 423 782 Imbribus,
438 731 465 771 et
478 716 571 773 calido
584 717 645 773 solis
659 735 785 774 concreta
795 738 911 795 vapore.

232 855 234 860 ‚
268 799 337 874 Quo
351 797 443 852 minus
455 796 491 852 est
505 796 621 864 mirum,
637 797 655 852 fi
670 812 729 854 tum
743 798 805 854 lunt
818 803 900 874 plura
913 813 1019 865 coorta,

269 878 305 933 Et
319 877 422 953 majora
434 896 507 932 nova
521 879 629 942 tellure,
644 893 725 953 atque
736 877 834 935 ethere
844 878 953 935 adulto.

311 957 471 1033 Principio,
487 969 572 1033 genus
585 958 718 1025 alituum,
733 959 870 1032 variaque
883 960 1011 1015 volucres

269 1035 334 1095 Ova
348 1039 541 1111 relinquebant
553 1037 668 1109 exclusa
682 1054 807 1114 tempore
820 1057 925 1094 verno:

267 1116 419 1174 Folliculos
432 1132 464 1173 ut
476 1138 552 1176 nunc
567 1132 663 1173 teretes
675 1118 760 1174 aellate
772 1117 871 1173 cicada

269 1198 429 1274 Linquunt,
444 1198 542 1274 sponte
555 1198 602 1254 lua
615 1197 731 1265 villum,
746 1198 889 1272 vitamque
900 1211 1037 1274 petentes.

268 1279 347 1335 Tutu
361 1279 412 1333 tibi
427 1294 498 1334 terra
511 1277 589 1333 dedit
603 1278 728 1353 primurn
742 1279 868 1334 mortalia
881 1276 973 1335 saecla:

269 1360 548 1424 Multusenimtalor‚
560 1372 641 1432 atque
650 1356 753 1413 humor
759 1357 909 1433 ¹superabat
919 1358 950 1413 in
963 1358 1052 1414 arvis.

270 1440 348 1495 Hine
360 1440 410 1495 ubi
423 1458 536 1514 quaeque
549 1438 606 1493 loci
619 1438 696 1513 regio
706 1452 865 1513 opportuna
878 1437 1009 1505 dabatur,

271 1519 436 1575 Crescebant
447 1519 519 1574 uteri
532 1533 609 1574 terra
622 1518 765 1573 radicibus
778 1519 836 1593 apti
847 1537 855 1572 t

272 1600 354 1675 Quos
363 1600 413 1654 ubi
429 1613 551 1673 tempore
560 1612 670 1653 maturo
683 1596 845 1674 patefecerat
857 1613 919 1653 aetas

272 1677 418 1734 Infantum
430 1677 538 1752 fugiens
547 1674 704 1744 humorem,
717 1677 848 1751 aurasque
861 1674 1001 1753 petiffens,
1054 1706 1058 1714 ·

273 1758 460 1814 Convertebat
474 1758 516 1813 ibi
525 1772 625 1813 natura
636 1756 773 1813 foramina
786 1772 875 1824 terra,

274 1840 311 1895 Et
324 1838 432 1894 succum
445 1836 524 1893 venis
537 1838 649 1912 cogebat
665 1837 780 1893 fundere
793 1839 897 1913 apertis

274 1918 454 1976 Conlimilem
464 1915 554 1973 laetis:
579 1917 646 1973 licut
657 1938 733 1975 nunc
746 1916 860 1974 foemina
869 1938 988 1994 quaque

274 2002 349 2057 Cum
364 1998 483 2077 peperit,
497 1997 573 2054 dulei
586 2000 711 2073 repletur
724 1997 800 2063 laele,
814 1999 890 2072 quod
901 1999 997 2055 omnia

276 2081 404 2158 Impetus
416 2079 447 2134 in
459 2097 590 2137 mammas
600 2079 772 2135 convertitur
784 2079 830 2133 ille
842 2078 981 2134 alimenti.

274 2161 362 2218 Terra
375 2159 471 2216 cibum
486 2158 590 2234 pneris,
606 2158 704 2214 vestem
718 2177 818 2233 vapor,
834 2156 919 2214 hetba
932 2159 1027 2216 cubile

276 2241 415 2298 Praebebat
425 2240 512 2294 multa
525 2254 551 2292 et
562 2239 644 2293 molli
655 2239 786 2312 lanugine
799 2237 961 2295 abundans.

259 2346 266 2362 1
321 2322 362 2376 At
373 2318 483 2374 novitas
494 2317 594 2374 mundi
607 2337 657 2372 nec
670 2317 773 2394 frigora
785 2318 856 2374 dura
868 2318 969 2385 ciebat,

276 2403 336 2457 Nee
349 2399 452 2455 nimios
466 2397 551 2464 aelius,
566 2418 617 2453 nec
631 2399 739 2474 magnis
751 2393 961 2454 viribur'auras:

279 2479 386 2538 Omnia
399 2478 473 2533 enim
487 2478 591 2555 pariter
603 2479 735 2545 crescunt,
752 2493 779 2532 et
791 2479 891 2534 robora
903 2477 1027 2536 sumunt.

278 2563 376 2637 Quare
388 2560 470 2615 etiam
482 2559 653 2633 atqueetiam
667 2573 824 2614 maternum
834 2577 936 2614 nomen
948 2559 1051 2637 adepta

277 2643 366 2699 Terra
379 2654 451 2696 tenet
462 2639 571 2705 merito,
587 2639 720 2713 quoniam
734 2637 882 2714 genusipla
895 2641 998 2696 creavit

278 2723 457 2786 Humanum,
471 2734 553 2796 atque
562 2722 664 2775 animal
672 2738 762 2796 prope
772 2734 846 2774 certo
853 2733 976 2794 tempore
988 2718 1067 2776 ludit

281 2802 386 2868 Omne,
394 2801 469 2874 quod
479 2801 621 2874 iumagnis
634 2795 933 2856 bacchaturmontibn'
946 2797 1058 2875 pallitn,

280 2881 433 2956 Aerialque
445 2879 521 2934 simul
535 2880 671 2935 volucreir
684 2873 851 2935 variantibu'
866 2877 975 2935 formis.

277 2961 333 3027 ,Sed
342 2960 409 3035 quia
422 2959 506 3014 linem
519 2960 641 3032 aliquam
654 2957 782 3035 pariendi
794 2956 875 3012 debet
886 2957 999 3025 habere,

280 3041 402 3106 Destitit,
418 3056 449 3094 ut
463 3039 655 3114 mulierspatio
664 3036 762 3094 defella
773 3036 893 3104 vetull03

281 3123 375 3180 Mutat
389 3120 464 3174 enim
479 3119 578 3174 muudi
589 3134 718 3175 naturam
731 3119 816 3173 totius
829 3132 903 3186 atas,

283 3202 328 3258 Ex
340 3201 451 3275 alioque
460 3199 530 3255 alius
545 3197 625 3254 llatus
635 3199 763 3274 excipere
775 3197 871 3255 omnia
884 3199 977 3267 debet,
1038 3235 1042 3243 ·

285 3283 345 3340 Nec
357 3297 450 3336 manet
463 3280 518 3335 ulla
530 3277 573 3334 lui
587 3278 683 3360 fimilis
695 3298 752 3334 res:
776 3279 870 3335 omnia
883 3279 1021 3356 migrant,

288 3360 395 3424 Omnia
405 3371 557 3419 commutat
569 3373 678 3431 natura,
693 3375 721 3418 et
733 3372 839 3422 vertere
851 3358 940 3438 cogit.
961 3372 965 3382 ’

939 3394 1073 3519 Namque.
