2359 3875
297 372 502 496 ιιιιιι
550 422 849 522 nomos.
906 449 969 515 ψ

195 558 244 614 sed
257 557 364 633 pariter
377 556 470 634 prima
483 572 616 632 concepta
629 558 662 612 ab
675 554 786 631 origine
793 554 905 623 mundi,

196 640 332 712 Certaque
347 658 410 713 pars
424 637 494 713 ejus,
510 638 584 714 quali
599 637 681 691 nobis
694 635 827 700 membra,
844 635 970 696 videtur.

235 720 371 775 Praererea
383 717 492 794 grandi
494 716 602 774 tonitru
614 714 751 774 conculsa
749 730 862 790 repente

193 800 288 863 Terra,
301 797 386 874 supra
396 798 421 856 se
433 817 495 872 quae
505 797 579 862 sunt,
591 796 714 852 concutit
726 796 820 850 omnia
833 810 943 855 moene·

195 878 280 956 Quod
294 875 381 933 facere
394 875 470 933 haud
484 878 539 931 ulla
550 876 636 953 pollet
650 876 765 941 ratione,
779 875 830 933 nili
843 875 907 934 elset

194 958 320 1016 Partibus
333 956 538 1022 annemundi,
554 957 678 1030 coeloque
691 954 825 1012 ιινιιιιιιι

194 1042 266 1095 Νιιιι
279 1037 499 1095 communibus'
492 1051 564 1092 mter
578 1036 601 1094 se
615 1036 756 1093 radicibus
766 1034 874 1095 haerent

195 1120 255 1175 lix
248 1132 365 1175 rueunte
375 1135 434 1175 κιο
448 1136 508 1192 eonJ
502 1116 604 1182 oolla,
616 1132 699 1193 atque
711 1130 804 1172 uniter
812 1132 890 1191 apta

196 1201 297 1257 Nonne
309 1197 387 1255 vider
398 1198 493 1259 etiam
507 1216 591 1272 quam
603 1214 705 1272 magno
718 1195 842 1273 pondere
850 1195 933 1255 nobie

196 1280 330 1336 Sustineat
339 1297 440 1354 corpus
454 1275 644 1333 tenuiffima
616 1276 784 1341 unanimi,

195 1361 346 1436 Propterea
358 1359 424 1433 quia
434 1373 490 1413 tam
498 1356 653 1433 conjunc'la
667 1370 748 1430 atque
757 1355 851 1414 uniter
862 1370 926 1432 apta
928 1350 976 1415 st?

196 1439 341 1514 Demque
329 1458 389 1515 Jam
399 1437 468 1495 saltu
478 1437 588 1514 pemier
580 1438 697 1494 tollere
709 1456 811 1512 corpus

197 1521 269 1598 Quis
281 1519 357 1597 potis
370 1517 532 1585 ell,nifi'v1o
544 1518 656 1583 anime,
667 1537 729 1593 quae
739 1518 862 1576 membra
874 1518 976 1594 guber·

274 1598 345 1657 nat?

192 1681 290 1751 Jamne
302 1678 381 1736 vides
393 1694 530 1753 quantum
544 1677 635 1737 tenuis
648 1694 746 1735 natura
758 1679 849 1738 valere

198 1760 288 1828 Poffir,
303 1760 355 1816 ubi
367 1758 404 1816 est
417 1758 563 1837 conjundla
576 1759 656 1835 gravi
669 1773 977 1836 cumcorp01e,utaer

199 1839 379 1931 Conjundloe.
384 1840 472 1905 terris,
483 1854 511 1895 et
521 1840 603 1895 nobis
614 1837 651 1895 est
664 1840 753 1896 animi
766 1839 829 1896 vis?

237 1923 296 1978 Nec
309 1919 400 1977 nimio
414 1920 475 1977 solis
487 1921 576 1998 major
588 1934 659 1986 ιοιι,
673 1940 723 1976 nec
737 1920 832 1977 minor
843 1918 929 1978 ardor

198 2001 254 2059 Effe
266 2000 365 2078 potest,
380 2000 478 2058 nostris
491 2020 575 2076 quam
585 2000 703 2057 seolibus
716 1998 773 2058 elle
779 1999 902 2056 videtur.

198 2084 269 2139 Nam
279 2082 407 2156 quibnee
420 2080 512 2156 spatiis
523 2100 635 2154 cunque
651 2081 729 2156 ignes
740 2079 849 2136 lumina
863 2077 977 2155 poliunt

198 2162 336 2240 Adjicere‚
347 2175 375 2217 et
387 2161 509 2217 calidum
521 2161 765 2217 membrisadflare
776 2178 922 2236 vaporem,

200 2243 250 2300 Illa
263 2242 321 2318 ipsa
331 2243 475 2299 intervalla
488 2238 563 2297 nihil
575 2241 610 2296 de
623 2259 740 2332 corpore
747 2240 847 2297 lrmant

200 2324 395 2386 Flammarum,
410 2319 548 2377 nrhrload
558 2316 898 2395 speciemsteontradlror
891 2338 975 2397 igme
1001 2372 1005 2378 .

200 2401 319 2460 Proinde
331 2402 406 2456 calor
416 2400 551 2476 quoniam
564 2401 637 2466 solis,
649 2402 798 2479 lumenque
813 2400 960 2478 profusum

200 2484 368 2539 Perveuiunt
380 2480 488 2538 nostros
500 2480 536 2537 ad
549 2479 649 2547 sensus,
664 2495 691 2537 et
703 2482 794 2538 loca
776 2497 907 2557 tingunt:

199 2565 297 2621 Forma
309 2579 420 2639 quoque
432 2559 499 2617 hinc
512 2561 574 2619 solis
587 2560 667 2618 debet
676 2561 813 2635 filumque
825 2559 928 2622 videri,

200 2644 246 2701 Nil
259 2642 327 2699 adeo
340 2656 372 2697 ιιι
383 2639 465 2717 poffis
480 2644 555 2716 plus,
570 2641 619 2697 aut
631 2641 724 2696 minus
734 2639 835 2696 addere
847 2658 923 2695 vere.

241 2723 378 2799 Lunaque
390 2720 442 2777 live
455 2719 542 2778 notho
554 2721 644 2777 fertur
652 2723 712 2778 loca
719 2720 827 2776 lumine
841 2718 969 2784 lustrans,

199 2803 260 2860 Sire
274 2802 350 2859 suam
363 2801 482 2877 proprio
489 2798 572 2878 J'adlat
584 2800 619 2856 de
632 2819 753 2893 corpore
760 2801 863 2866 lucem,

201 2881 348 2962 Quicquid
357 2881 388 2939 id
401 2881 449 2948 est,
463 2879 556 2939 nihilo
567 2880 656 2937 fertur
667 2881 769 2956 majore
783 2881 883 2957 figura,

201 2966 307 3042 Quam,
322 2961 420 3019 nollrie
432 2962 523 3018 oeulis
535 2961 779 3038 quamoernimue‚
794 2960 845 3018 elle
855 2959 977 3020 videtur.

201 3045 274 3100 Nam
289 3043 377 3119 prius
380 3043 485 3108 omnia,
500 3061 562 3118 que
575 3042 659 3117 longe
670 3056 805 3099 remmota
817 3057 931 3100 tuemur

199 3125 273 3180 Aera
286 3124 471 3200 permultum
487 3122 575 3200 specie
583 3119 696 3180 confusa
708 3121 849 3190 videntur,

201 3206 296 3282 Quam
309 3202 459 3260 minimum
468 3203 563 3259 filum:
576 3216 747 3280 quapropter
756 3203 822 3258 luna
833 3197 945 3260 neceffe
947 3200 981 3267 st

201 3282 442 3366 Quandoquidem
449 3283 549 3340 claram
559 3281 687 3358 speciem,
696 3295 854 3359 certamque
864 3281 983 3362 figuram

201 3364 317 3433 Praebet,
329 3376 362 3422 ιιι
371 3363 408 3422 ell
419 3363 477 3420 oris
489 3364 618 3421 extremis
631 3381 739 3438 cunque
752 3377 859 3432 notata,
874 3443 924 3520 Q
962 3452 998 3495 m

906 3459 969 3500 uun
