2359 3875
150 381 153 484 l
265 424 458 496 irruit
497 422 869 522 ¹urrunnun.
933 446 976 514 ³7

226 550 283 611 Nunc
294 553 355 621 huc,
369 575 447 614 nunc
462 556 542 620 illuc,
556 554 586 611 in
602 551 712 612 cunctas
723 552 844 627 denique
857 549 974 628 parteis.

227 630 308 691 Scilicet
319 634 366 693 lric
378 657 395 692 a
407 636 561 712 principiis
574 635 609 691 cll
619 632 752 691 omnibus
764 652 853 689 error.

252 713 331 772 Prima
342 730 494 774 moventur
503 716 579 774 enim
595 715 684 791 perse
696 712 852 790 primordia
866 731 976 777 rerum3

224 787 315 862 ludeo,
328 816 392 872 quae
406 815 495 871 parvo
507 796 572 854 sunt
584 814 702 871 corpore
713 793 875 860 conciliatu,

224 867 313 950 liquat
325 877 458 953 proxima
470 876 534 932 sunt
547 876 581 932 ud
590 876 674 936 vireis
687 873 909 951 principiorum,

224 946 299 1011 ltlbus
306 957 425 1013 illorum
437 956 514 1013 caeeis
523 955 643 1031 impulsa
654 954 778 1019 cientun

220 1029 320 1110 Ipsaque,
335 1057 397 1111 quae
411 1056 498 1113 porro
511 1036 609 1113 paullo
622 1037 738 1112 majora,
750 1032 894 1092 lacessunt.

220 1108 267 1170 Sica
275 1118 421 1193 principiis
434 1116 556 1175 ascendit
568 1132 670 1182 motus,
681 1114 777 1173 etexit

211 1188 345 1253 tertuum
356 1196 465 1253 nostros
478 1196 514 1254 ad
525 1196 629 1264 sensum
653 1212 686 1255 ut
697 1209 863 1254 moueantur

218 1268 255 1331 Illa
265 1295 382 1353 qnoque,
395 1278 426 1334 in
438 1277 505 1334 solis
514 1297 577 1353 quae
589 1277 698 1334 lumine
710 1294 819 1334 cernere
831 1274 958 1349 quimus:

216 1349 258 1411 Nec
271 1358 372 1431 quibus
385 1357 417 1415 id
429 1355 630 1435 faciantplugis
643 1370 761 1434 apparet
770 1370 876 1431 aperte.
949 1392 955 1399 ·

245 1437 332 1505 Nunc,
348 1459 411 1515 quoe
424 1439 568 1495 mobilitas
580 1439 612 1495 fit
624 1437 733 1496 reddito
746 1436 869 1494 materiai

215 1512 381 1594 Corporibus,
396 1519 562 1594 paucislicet
571 1516 639 1586 hinc
649 1517 820 1594 cognoscere,
832 1518 967 1576 Meum.

213 1590 323 1655 Primum
337 1618 439 1656 aurora
450 1618 525 1656 novo
539 1619 603 1658 cum
618 1598 721 1675 spargit
734 1599 842 1655 lumine
857 1614 950 1668 terrae,

211 1672 322 1735 Etvariae
335 1681 464 1736 volucres
477 1700 590 1739 nemora
603 1679 665 1736 avia
678 1678 875 1755 pervolitantes

209 1754 269 1816 Aera
279 1779 329 1835 per
343 1774 472 1817 tenerum
481 1760 599 1836 liquidis
612 1761 672 1817 loca
685 1758 800 1817 vocibus
812 1762 945 1837 opplent:

209 1836 292 1915 Quam
305 1833 399 1896 subito
412 1839 496 1899 soleat
508 1841 548 1897 sol
556 1855 636 1900 ortus
646 1855 770 1916 ternpore
783 1842 831 1898 tali

207 1917 355 1978 Convestire
369 1920 418 1978 sua·
426 1920 598 1998 perfundens
605 1921 702 1980 omnia
712 1922 785 1988 lucc,

206 1997 340 2059 Omnibus
351 2003 383 2058 in
395 2018 542 2079 promptu,
552 2000 840 2077 manifestumqueeffe
850 2003 990 2060 videmur.

203 2078 236 2136 At
248 2103 337 2160 vapor
350 2083 386 2149 is,
401 2096 484 2156 quem
497 2084 537 2141 sol
550 2083 649 2151 mittit,
664 2084 814 2158 lumenque
827 2084 965 2150 screnum,

202 2159 259 2218 Non
271 2184 323 2239 per
336 2164 426 2219 Inane
439 2178 511 2220 meat
519 2183 657 2232 vacuum3
680 2182 738 2239 quo
751 2164 855 2222 tardius
869 2165 911 2221 ire

203 2242 325 2321 Cogitur,
340 2243 426 2300 aerias
436 2245 511 2320 quali
526 2264 590 2301 cnm
604 2244 759 2302 diverberet
771 2245 875 2302 undas:

200 2321 251 2381 Nec
265 2324 424 2401 singillatim
437 2325 599 2401 corpuscula
612 2332 729 2401 qunque
741 2329 864 2403 uaporis,

199 2402 245 2461 sed
259 2407 408 2482 complexa
418 2421 510 2461 meant
523 2406 597 2462 inter·
610 2405 646 2472 se,
661 2425 769 2482 conque
782 2410 904 2484 globata:
974 2462 976 2467 .

200 2485 380 2562 Quapropter
389 2483 468 2542 fimul
477 2486 551 2542 inter
561 2485 585 2541 se
598 2485 786 2554 retrahuntur,
802 2503 829 2544 et
838 2504 917 2547 extra
1017 2494 1021 2500 ’

200 2563 386 2631 Officiuntur3
411 2566 454 2621 uti
464 2581 598 2643 cogantur
611 2566 714 2622 tardius
726 2566 777 2624 ire.

198 2645 246 2711 At,
261 2667 325 2722 quae
338 2646 401 2702 sunt
413 2646 502 2704 solida
513 2646 672 2723 primordia
686 2647 871 2725 simplicitate,

197 2727 267 2782 Cum
282 2727 435 2804 perinane
449 2743 542 2783 meant
555 2746 686 2793 vacuum,
701 2749 752 2786 nec
765 2751 807 2786 res
820 2742 976 2787 remoratur

197 2807 261 2865 Ulla
274 2807 359 2873 forie3
383 2824 464 2883 atque
479 2807 539 2884 ipsa
553 2806 608 2864 suis
620 2827 634 2863 c
648 2809 773 2884 portibus
786 2831 894 2876 nnume

197 2886 293 2945 Unum
302 2888 334 2944 in
347 2907 431 2962 quem
444 2908 551 2964 coepere
564 2889 658 2944 locum
669 2891 790 2948 connixa
803 2891 943 2950 feruutur.

197 2967 307 3026 Debent
320 2969 458 3026 nimirum
472 2970 627 3044 praecellere
642 2972 813 3037 mobilitate;

198 3051 231 3105 Et
244 3050 337 3106 multo
351 3050 433 3105 citius
448 3048 526 3116 ferri,
541 3069 627 3125 quarn
638 3052 747 3107 lumina
758 3052 836 3108 solis:

195 3131 404 3206 Multiplexque
416 3130 470 3185 loci
484 3128 604 3205 spatium
615 3131 795 3188 transcurrere
805 3132 904 3191 eodem

195 3210 350 3286 Tempore,
365 3228 422 3284 quo
437 3210 500 3265 lolis
511 3211 679 3288 pervolgant
690 3211 801 3286 fulgura
814 3215 932 3270 coelum:

197 3292 270 3349 Nnru
283 3307 374 3363 neque
385 3289 505 3346 confilio·
513 3289 615 3346 debent
629 3290 733 3348 tardato
743 3293 864 3359 morari3

195 3373 253 3430 Nec
265 3370 431 3449 perscrutari
443 3369 601 3446 primordia
614 3372 718 3510 {rigola
730 3390 859 3448 qunque,

944 3449 998 3512 ut
