2359 3875
209 471 275 537 150
354 432 826 515 MUCRETII

204 571 275 629 Inde
288 575 374 630 alium
388 574 485 650 supera
500 574 594 640 fluere,
607 588 688 651 atque
701 572 844 629 intendere
857 568 968 636 eodem,

205 655 277 730 Quo
286 654 425 710 volvenda
439 656 545 710 micant
558 656 653 711 aeterni
666 654 750 709 fidera
759 652 879 708 mundi:

201 733 256 789 Ast
269 735 356 790 alium
371 734 473 801 subter,
488 735 648 811 contra'qui
662 733 793 790 subvehat
804 734 915 789 orbem:

205 813 247 870 Ut
261 814 361 870 fluvios
373 814 480 870 uersare
493 831 575 881 rotas,
590 830 672 889 atque
683 812 791 870 haullra
804 811 946 869 videmus.

205 894 251 948 Ell
262 895 344 950 etiam
359 914 481 972 quoque,
496 895 537 951 uti
549 895 737 971 poffiteoelum
746 911 829 950 omne
837 911 949 948 manere

203 972 239 1028 ln
253 973 376 1042 statione,
394 990 482 1031 tamen
496 994 560 1032 curn
574 975 667 1033 lucida
680 975 754 1051 signa
767 972 900 1029 letantur:

204 1052 268 1111 Sive
280 1055 358 1131 quod
372 1056 468 1111 incluli
483 1056 575 1132 rapidi
585 1056 648 1113 lunt
661 1054 767 1111 etheris
779 1053 866 1120 allus,

204 1135 420 1211 Querentelque
434 1136 509 1193 viam
522 1134 787 1200 circumversantur,
802 1148 830 1188 et
843 1137 921 1210 ignes

202 1213 304 1271 Paffim
317 1235 370 1293 per
383 1217 445 1272 coeli
458 1218 579 1273 volvunt
590 1216 615 1271 se
627 1215 764 1271 immania
779 1215 896 1289 templa:

203 1293 268 1351 Sive
282 1296 395 1353 aliunde
408 1296 498 1354 fluens
512 1296 638 1352 alicunde
649 1294 817 1352 extrinsecus
826 1314 874 1349 aer
896 1331 899 1335 -
987 1295 989 1299 ’

204 1372 304 1431 Versat
316 1395 397 1451 agens
412 1376 514 1453 igneis:
537 1376 593 1431 five
606 1376 614 1429 i
619 1374 656 1450 pt
671 1374 777 1450 serpere
789 1369 914 1449 poliunt,

204 1454 274 1529 Quo'
284 1456 415 1531 cujnlque
427 1457 505 1511 cibus
518 1468 610 1521 vocat,
625 1468 708 1529 atque
720 1454 822 1530 invitat
834 1455 952 1520 eunteis,¹
988 1491 992 1496 -

203 1534 344 1604 Flammea
354 1554 405 1609 per
418 1536 518 1589 coelum
532 1533 681 1609 pascenteis
690 1552 809 1609 corpora
822 1532 931 1609 paffim.
987 1568 990 1572 -

203 1614 277 1669 Nam
295 1614 365 1687 qnid
379 1612 467 1669 inhoc
485 1613 755 1679 nundentonam,
771 1625 878 1687 ponere
886 1626 991 1669 cernam

202 1692 326 1750 Difficile
334 1689 379 1747 'lle
403 1692 446 1748 sed
461 1691 531 1767 quid
545 1693 637 1769 pollit,
651 1692 752 1769 fiatque
766 1710 908 1768 peremne

201 1772 237 1828 In
252 1772 461 1851 variis'ruundis
475 1772 551 1830 varia
563 1773 670 1830 ratione
683 1773 790 1841 creatis,

201 1851 239 1909 Id
251 1852 354 1919 doceo,
380 1852 536 1929 pluteisque
551 1852 649 1927 sequor
659 1851 808 1928 disponere
820 1854 914 1913 causas

200 1930 329 1991 Motibus
342 1932 488 2002 allrorum,
504 1953 565 2008 quae
578 1932 679 2010 polline
690 1932 742 1990 effe
755 1953 807 2010 per
818 1953 916 1993 omne.

202 2010 996 2090 Equibusuuatamenfitethaecquoquec'anlaneeess'e'll,

202 2096 275 2172 Qua
288 2110 384 2173 vegeat
394 2104 505 2152 motum
519 2094 624 2172 fignist'
638 2095 684 2150 sed·
694 2110 755 2170 que
769 2094 800 2151 lit
810 2114 905 2152 earum
992 2108 994 2113 '

197 2174 366 2252 Praecipere‚
381 2175 456 2231 haud
468 2169 641 2252 quaquam'll
653 2175 827 2254 'pedetentim
839 2175 988 2254 progredi·

313 2271 411 2312 entis.
440 2286 443 2291 ν
697 2266 701 2271 ’

237 2333 381 2407 Terraque
401 2349 434 2390 ut
447 2334 477 2391 in
492 2334 584 2392 media
594 2337 695 2394 mundi
709 2335 821 2413 regione
834 2338 969 2415 quiescat,
997 2399 999 2403 ,

199 2413 366 2474 Evanelcere
376 2415 535 2492 paullatim,
549 2429 576 2470 et
587 2414 739 2474 decrescere
746 2418 859 2493 pondua

201 2496 356 2561 Conveni13
380 2511 461 2570 atque
473 2497 556 2552 aliam
568 2512 696 2554 naturam
709 2498 913 2556 subterhabere

200 2574 245 2631 Ex
258 2574 375 2645 ineunte
388 2595 447 2632 aevo
460 2574 646 2651 conjundlam‚
660 2593 741 2653 atque
751 2579 845 2635 uniter
857 2593 954 2658 aptam

199 2655 328 2714 Partibus
336 2657 419 2715 aeriis
427 2657 540 2725 mundi,
554 2657 658 2732 quibus
667 2659 745 2714 infita
757 2659 831 2716 fidit.

199 2736 349 2811 Propterea
362 2752 421 2795 non
436 2738 472 2793 ell
485 2737 581 2804 oneris
590 2757 681 2812 neque
693 2739 828 2816 deprimit
840 2759 939 2797 aurase

114 2855 117 2860 -
199 2815 237 2872 Et
248 2818 295 2873 lua
308 2818 408 2893 cuique
420 2817 531 2873 homini
541 2817 621 2872 nullo
633 2818 695 2876 sunt
708 2819 831 2896 pondere
841 2819 980 2877 membra:

198 2897 258 2952 Nec
270 2911 355 2972 eaput
365 2897 401 2952 est
411 2897 490 2953 oneri
504 2898 589 2962 collo,
605 2918 655 2955 nec
669 2900 789 2976 denique
801 2917 890 2958 totum

197 2976 335 3052 Corporis
348 2976 380 3034 in
393 2977 513 3054 pedibus
523 2975 634 3053 pondua
644 2980 776 3038 sentimus
791 2981 884 3038 ineffe.

197 3059 240 3111 At
253 3076 423 3133 quacunque
433 3056 500 3113 loris
509 3056 637 3126 veniunt,
650 3060 821 3138 impollaque
834 3060 918 3118 nobie

195 3135 324 3192 Pondere
335 3137 410 3206 sunt,
421 3137 527 3197 laedunt
538 3146 679 3214 permulto
690 3142 756 3218 sape
766 3143 896 3199 minora:

199 3215 363 3291 Usqueadeo
377 3220 472 3298 magni
486 3217 577 3284 refert,
593 3220 639 3275 cui
652 3242 712 3296 quae
727 3223 847 3300 adjaceat
861 3241 914 3280 ret.
962 3238 965 3246 ’

198 3295 243 3352 Sic
256 3297 344 3373 igitur
356 3301 437 3357 tellus
451 3319 510 3355 non
524 3298 559 3353 est
571 3300 661 3357 aliena
673 3319 785 3378 repente

193 3375 310 3448 Adlata,
324 3394 406 3458 atque
416 3380 491 3440 auris
504 3379 618 3436 aliunde
631 3381 735 3460 objeela
747 3383 862 3449 alienis;
