2359 3875
201 428 265 520 ηε
364 425 830 536 nunciarem

196 558 364 634 Dispcrliffe,
374 579 464 634 neque
476 560 508 615 in
520 558 641 616 frustum
654 573 814 616 convertere
827 556 926 635 quille.

238 638 321 694 Tunc
330 640 418 715 igitur
424 642 520 715 pelles,
530 660 608 697 nunc
615 660 729 705 aurum,
736 635 982 715 etpurpuracnria

197 718 335 775 Exercent
346 718 495 775 hominurn
507 721 607 785 vitam,
623 720 749 794 belloque
762 719 897 795 fatigant:

196 801 266 876 on
280 801 366 875 magis
377 800 409 856 in
422 800 515 865 nobis,
525 814 563 855 ut
575 800 692 875 opinor,
706 800 788 874 culpa
803 800 908 855 relidit.

197 879 382 954 Frigusenim
395 879 485 936 nudos
499 880 553 936 line
570 880 691 954 pellibus
702 880 889 936 excruciabat

196 958 379 1035 Terrigenas:
396 975 423 1015 at
435 979 487 1016 uos
500 959 541 1016 nil
555 960 630 1016 laedit
644 958 714 1014 velle
725 978 817 1016 carere

196 1038 355 1117 Purpurea,
367 1055 448 1114 atque
460 1058 538 1105 auro,
555 1038 689 1114 fignilque
701 1039 861 1114 ingentibus
874 1054 960 1115 aptae
973 1043 975 1047 ’

131 1188 136 1195 .
197 1118 275 1175 Dum
290 1120 397 1194 plebeia
407 1134 498 1175 tamen
512 1118 553 1186 fit,
568 1139 630 1194 quae
639 1116 786 1174 defendere
794 1118 887 1193 poffit.

195 1198 271 1275 Ergo
283 1198 432 1256 hominurn
444 1219 531 1275 genus
544 1196 689 1262 incalsum,
699 1197 977 1273 fruliraquelaborat,

198 1278 347 1355 Semperet
360 1280 390 1335 in
404 1280 480 1337 curis.
486 1278 624 1335 consumit
638 1278 769 1355 inanibus
783 1300 892 1343 evome

196 1358 352 1425 Nimirum,
365 1360 500 1437 quianon
513 1358 657 1433 cognovit,
672 1377 733 1432 quae
747 1358 778 1416 lit
789 1356 913 1415 habendi

199 1440 286 1506 Finis,
302 1441 451 1496 etonrnino
464 1440 556 1514 quoad
568 1438 668 1494 crescat
681 1458 745 1495 vera
754 1439 898 1514 voluptas:

200 1518 289 1593 quue
302 1520 463 1575 minutatim
474 1520 561 1576 vitam
570 1518 701 1593 provexit
712 1519 743 1589 in
755 1520 855 1585 altum,

198 1599 235 1654 Et
247 1600 316 1656 belli
327 1618 441 1674 magnos
453 1599 607 1655 commovit
620 1596 749 1655 funditur
763 1598 851 1655 aestua.

242 1679 283 1735 At
297 1680 395 1753 vigilet
409 1679 509 1735 muudi
523 1698 656 1754 magnum
669 1694 695 1734 et
705 1678 832 1735 versatile
847 1677 984 1754 templum

199 1760 247 1816 Sol
260 1774 287 1813 et
300 1759 366 1814 luna
379 1758 580 1815 luolullrautes
595 1759 700 1815 lumine
712 1758 819 1816 circum

197 1838 370 1895 Perdocuere
379 1836 506 1895 homines
518 1858 659 1894 annorum
673 1853 799 1914 tempora
811 1837 902 1903 venie

194 1920 236 1975 'Et
249 1934 321 1976 certa
335 1921 442 1976 ratione
451 1920 511 1995 geri
525 1939 595 1984 rem,
609 1920 800 1993 atqueordine
812 1934 901 1977 certo.

236 2001 303 2072 Jarn
316 2000 416 2056 validis
429 1999 498 2074 lepti
511 1999 647 2074 degebant
658 2001 785 2056 turribus
798 2020 901 2066 aevum,

201 2081 236 2134 Et
248 2078 335 2135 divisa
348 2081 500 2145 colebatur,
514 2079 682 2153 discretaque
696 2081 793 2135 tellure

197 2161 275 2216 Tum
289 2180 364 2216 mare
377 2161 529 2217 velivolum
545 2159 659 2216 florebat
670 2155 785 2216 navibu'
799 2158 918 2235 pandit:

201 2240 331 2304 Auxilia,
347 2255 373 2294 et
382 2240 468 2295 socios
476 2241 535 2314 jam
548 2238 626 2314 padio
635 2237 735 2295 loedere
744 2237 899 2298 habebant:

201 2318 382 2375 Carminibus
393 2339 457 2374 cum
472 2338 513 2373 res
526 2317 609 2393 gellar
622 2334 829 2394 coepere-poete

199 2397 336 2454 Tradere:
353 2417 403 2454 nee
415 2399 504 2453 multo
513 2393 590 2472 priu'
605 2399 668 2454 snut
681 2401 814 2456 elementa
828 2415 950 2474 reperta.

200 2480 360 2553 Propterea,
376 2477 445 2552 quid
459 2477 489 2532 fit
504 2478 583 2551 prius
597 2477 688 2535 actum
702 2478 837 2554 respicere
850 2493 913 2536 aetar

200 2559 304 2616 Nostra
310 2559 417 2632 nequit,
428 2557 478 2613 nili
489 2577 544 2632 qua
557 2560 628 2614 ratio
641 2558 754 2634 vestigia
766 2558 911 2617 monstrat.

243 2638 376 2714 Navigia,
391 2654 473 2715 atquc
486 2639 690 2714 agriculturas,
707 2641 820 2705 moenia,
831 2640 915 2714 leger,

200 2720 301 2791 Arma,
317 2719 386 2785 viar,
402 2717 507 2785 vesteis,
522 2733 550 2773 et
560 2734 656 2778 caetera
668 2718 702 2774 de
715 2737 812 2792 genere
826 2716 940 2785 horum,

201 2798 329 2864 Praemia,
344 2798 454 2859 deliciae
467 2818 579 2874 quoque
588 2800 652 2855 vitae
664 2797 793 2856 funditur
804 2799 926 2865 omneis,
1005 2800 1010 2808 '

201 2878 347 2943 Carmina,
361 2877 490 2952 pisturas,
505 2878 645 2934 etdaedala
657 2877 731 2952 ligna
744 2879 844 2953 polire,

203 2958 288 3021 Usus,
300 2970 327 3009 et
340 2954 467 3031 impigra
481 2957 560 3013 fimul
569 2957 740 3032 experientia
748 2958 850 3017 mentia

202 3034 352 3100 Paullatim
365 3035 462 3093 docuit
476 3036 646 3111 pedetentim
659 3036 882 3112 progredientes.

202 3116 246 3172 Sic
261 3116 492 3190 unumquicquid
507 3116 654 3192 paullatim
668 3115 882 3192 protrahitaetaa

202 3197 239 3252 ln
253 3192 389 3262 medium,
402 3197 526 3272 ratioque
536 3197 567 3253 in
580 3197 697 3252 luminis
706 3197 781 3253 eruit
792 3216 868 3255 orae.
892 3231 894 3236 ·

202 3275 332 3347 Namque
344 3275 401 3332 alid
410 3297 444 3332 cx
457 3277 513 3334 alio
527 3275 764 3334 clarescerecorde
774 3278 904 3337 videmur

200 3353 332 3427 Artibus,
347 3355 535 3423 adsummum
543 3357 632 3421 donec
645 3376 985 3497 Vfflssfe-clwmffliffl
1013 3442 1015 3446 ,
