2359 3875
310 446 516 518 LIBER
553 444 809 518 SEXTUS.
917 446 981 536 185

194 576 253 631 Nec
268 590 345 634 tauto
356 577 462 655 polfent
474 577 529 635 haec
545 594 628 634 terras
641 578 804 654 opprimere
816 575 914 641 imbri,

195 657 328 714 Flumina
342 659 482 715 abundare
496 674 527 714 ut
539 658 668 722 facerent,
686 659 849 735 camposque
862 671 969 724 natare,

195 735 224 790 Si
238 758 294 794 non
308 738 449 795 exstructis
461 737 532 794 foret
543 741 596 794 alte
609 740 732 795 nubibus
745 737 841 794 aether.

239 818 291 873 His
302 820 391 895 igitur
404 819 504 883 ventis,
521 833 602 892 atque
616 818 728 893 ignibus
741 819 835 874 omnia
844 819 928 893 plena

194 896 283 962 Sunt3
303 898 365 953 ideo
377 897 472 973 pallim
484 898 619 963 fremitus,
635 914 661 952 et
674 897 785 973 fulgura
799 900 887 955 fiunt:

197 978 317 1053 Quippe
329 980 433 1034 etenim
449 978 546 1053 supera
558 978 652 1042 docui,
667 979 807 1053 permulta
819 977 930 1053 vaporis

195 1056 304 1113 Semina
318 1056 417 1113 habere
431 1078 508 1114 cavas
521 1058 635 1123 nubeis;
652 1072 678 1113 et
692 1060 781 1115 multa
791 1053 924 1113 ueceffe'fl

194 1136 354 1213 Concipere
366 1157 399 1193 ex
413 1138 475 1194 solis
489 1138 587 1203 radiis,
603 1136 754 1213 ardoreque
767 1158 878 1195 eorum.
999 1135 1003 1141 ¹

195 1217 251 1273 Hic
264 1217 314 1272 ubi
328 1232 427 1273 ventus
441 1238 484 1273 eas
496 1217 569 1274 idem
583 1219 632 1291 qui
647 1218 723 1293 cogit
737 1220 765 1274 in
780 1237 870 1273 unum
936 1249 941 1260 ·

197 1299 275 1352 Forte
290 1299 382 1352 locum
393 1297 532 1370 quemvis,
547 1298 678 1372 expressit
694 1299 782 1353 multa
796 1295 910 1371 vaporis

194 1378 315 1442 Semina,
334 1375 413 1449 seque
427 1378 504 1433 simul
520 1397 583 1433 cum
594 1397 625 1433 eo
639 1376 814 1433 commiscuit
824 1375 900 1451 igni:

197 1458 356 1513 Infnuatus
368 1457 408 1511 ibi
423 1473 520 1512 vortex
534 1456 657 1512 versatur
671 1459 700 1513 in
714 1458 783 1522 alto,

141 1567 146 1573 s
197 1537 231 1590 Et
246 1536 343 1591 calidis
356 1537 430 1591 acuit
443 1534 550 1592 fulmen
564 1535 723 1592 fornacibus
736 1537 822 1593 intus.

195 1618 268 1671 Nam
278 1616 387 1691 duplici
398 1617 505 1673 ratione
518 1616 694 1682 accenditur;
712 1617 771 1691 ipse
781 1616 827 1673 sua
839 1634 905 1673 nam

195 1697 357 1751 Mobilitate
371 1694 487 1760 calescit,
503 1710 529 1751 et
543 1716 557 1751 e
571 1697 732 1771 contagibus
745 1697 830 1773 ignis.

198 1776 266 1832 Inde
278 1776 326 1831 ubi
339 1770 474 1850 percaluit
487 1776 529 1831 vis
541 1777 628 1842 venti,
645 1778 687 1832 vel
699 1778 790 1852 gravis
802 1776 888 1853 iguis,

198 1858 323 1932 Impetus
336 1855 455 1911 incessit:
472 1871 613 1912 maturum
628 1872 688 1912 tum
701 1857 775 1931 quasi
789 1856 896 1914 fulmen

195 1935 350 1993 Perfcindit
363 1934 454 1993 subito
467 1938 580 2003 nubem,
598 1936 739 2013 ferturque
752 1938 869 1996 coruscis

197 2016 302 2072 Omnia
316 2017 472 2073 luminibus
483 2015 598 2071 lustrans
610 2017 668 2071 loca
681 2018 803 2091 percitus
813 2017 910 2073 ardor:

197 2097 291 2172 Quem
305 2096 394 2170 gravis
406 2094 563 2170 insequitur
575 2094 691 2162 sonitus,
706 2095 826 2170 displosa
839 2108 950 2168 repente

197 2176 369 2252 Opprimere
380 2189 410 2229 ut
420 2176 482 2231 coeli
493 2175 642 2231 videantur
655 2176 760 2250 templa
771 2175 899 2251 superne.
946 2177 948 2182 ’

198 2256 267 2312 Inde
283 2270 385 2310 tremor
400 2269 483 2310 terras
496 2257 617 2329 graviter
629 2269 777 2330 pertentat,
786 2270 812 2310 et
822 2255 909 2311 altum

196 2335 342 2391 Murmura
354 2349 522 2411 percurrunt
535 2336 651 2391 coelum:
669 2356 734 2392 nam
748 2350 804 2394 tota
817 2335 871 2392 fere
884 2347 946 2391 tum

195 2414 352 2490 Tempestas
364 2415 490 2471 concussa
501 2416 604 2482 tremit,
620 2415 797 2492 fremitusque
811 2429 974 2473 moventur:

198 2497 267 2570 Quo
276 2495 310 2550 de
323 2493 453 2551 concussu
469 2495 591 2568 sequitur
604 2496 697 2571 gravis
709 2497 808 2563 imber,
824 2510 850 2553 et
863 2495 943 2562 uber,

198 2575 302 2630 Omnis
314 2575 355 2630 uti
370 2576 497 2632 videatur
510 2577 539 2629 in
553 2574 673 2630 imbrem
687 2576 789 2633 vertier
801 2573 894 2640 ather,

197 2659 292 2728 Atque
302 2655 339 2708 ita
354 2655 531 2730 praecipitans
544 2653 578 2711 ad
591 2654 729 2710 diluviem
743 2673 883 2712 revocare:

192 2735 219 2791 T
220 2733 421 2790 autusdifcidio
434 2736 527 2800 nubis,
542 2737 672 2808 ventique
686 2736 815 2809 procella,

194 2814 322 2870 Mittitur
335 2815 444 2870 ardenti
456 2815 560 2871 sonitus
573 2835 639 2870 cum
651 2817 779 2889 provolat
790 2815 861 2872 idlu.

240 2893 284 2949 Est
295 2893 376 2949 etiarn
386 2915 450 2950 cum
462 2895 503 2949 vis
512 2895 679 2950 extrinsecus
691 2896 777 2950 incita
786 2895 862 2952 venti

196 2974 302 3029 Incidit
315 2973 345 3030 in
360 2975 477 3030 validam
491 2989 601 3029 maturo
616 2973 733 3031 fulmine
746 2978 865 3031 nubem:

197 3056 293 3130 Quam
307 3073 369 3109 cum
382 3054 525 3129 perscidit,
538 3056 678 3128 extemplo
691 3054 764 3111 cadit
777 3058 874 3132 igneus
886 3057 934 3115 ille

195 3134 317 3196 Vortex,
331 3134 407 3208 quod
422 3149 513 3209 patrio
528 3135 680 3190 vocitamus
695 3138 810 3191 nornine
821 3135 937 3195 fulmen.

194 3213 259 3269 Hoc
273 3213 304 3270 fit
317 3215 390 3269 idem
403 3215 432 3270 in
447 3214 548 3289 parteis
558 3216 634 3278 alias,
647 3234 814 3289 quocunque
829 3218 893 3273 tulit
905 3219 959 3275 vis.

238 3294 283 3349 Fit
296 3313 407 3367 quoque
418 3310 448 3349 ut
459 3294 600 3350 interdum
610 3292 686 3348 venti
698 3293 738 3349 vis
746 3295 824 3352 missa
834 3297 887 3353 fine
901 3299 973 3374 igni,

196 3371 321 3450 Igncfcat
336 3390 427 3430 tamen
440 3374 470 3430 in
484 3373 581 3450 spatio,
594 3375 731 3448 longoque
744 3391 846 3444 meatu,

898 3455 987 3514 uum
