2359 3875
346 397 550 473 arana
583 399 842 472 Paratus.
956 421 996 491 η

223 537 392 595 Conficerent
402 539 487 613 volgo
502 537 604 615 sylvas,
620 530 727 595 arbusta
741 546 904 593 cremarent.

251 620 353 690 Jamne
363 618 441 674 vides
455 619 553 693 igitur,
568 620 662 695 paullo
675 618 752 694 quod
764 615 888 672 diximus
901 625 975 677 ante,

220 696 361 773 Permagni
376 698 475 755 reserre
488 699 582 754 eadem
592 698 747 774 primordia
756 697 824 773 sape

219 780 289 835 Cum
302 779 417 855 quibus,
432 794 459 833 et
469 780 545 855 quali
557 781 677 856 postura
691 779 900 842 contineantur,

218 858 250 914 Et
259 879 329 935 quos
342 860 416 915 inter
430 859 453 914 se
467 860 534 914 dent
547 874 649 924 motus,
664 860 869 935 accipiantque,

217 940 309 1013 Atque
323 938 418 994 eadem
428 942 522 1014 paullo
532 941 606 996 inter
618 940 641 995 se
650 954 755 994 mutata
768 958 858 994 creare

217 1018 308 1096 igneis
320 1039 334 1073 e
349 1020 443 1095 lignis,
460 1040 517 1096 quo
531 1019 610 1095 pasto
623 1020 705 1075 verba
718 1038 828 1095 quoque
838 1017 897 1093 ipsa

217 1098 291 1155 I-nter
303 1099 330 1154 se
339 1102 434 1174 paullo
449 1102 561 1156 mutatis
575 1100 637 1157 sunt
646 1101 798 1164 elementis,

220 1180 292 1235 Cum
306 1196 516 1255 aran,atque
529 1175 1011 1238 rnnrrsdistindiavocenotemus?

255 1260 387 1335 Denique
391 1261 455 1336 jam·
464 1280 633 1338 quacunque
643 1263 674 1317 in
688 1263 768 1316 rebus
781 1257 870 1315 cernis
881 1258 995 1333 apertis,

216 1338 241 1394 Si
256 1339 315 1396 sieri
330 1358 387 1394 uon
404 1341 477 1415 posse
492 1357 584 1415 putas,
597 1344 668 1418 quin
683 1340 810 1396 materiai

216 1421 343 1497 Corpora
357 1421 493 1476 consimili
507 1437 606 1478 natura
621 1420 737 1495 praedita
750 1420 847 1495 fingas,

215 1499 271 1555 Hac
286 1500 393 1556 ratione
408 1501 457 1555 tibi
470 1516 587 1576 pereunt
602 1501 756 1576 primordia
770 1518 877 1557 rerum:

214 1580 272 1635 Fiet
285 1580 328 1635 uti
342 1580 399 1636 risu
411 1584 528 1637 tremulo
542 1581 668 1637 concussa
681 1580 857 1646 cachinnent,

214 1659 247 1714 Et
259 1660 392 1738 lacrymis
406 1660 473 1717 sasfis
485 1661 642 1718 humestent
656 1682 714 1728 ora,
731 1661 875 1737 genasque.

253 1742 338 1797 Nunc
348 1742 627 1818 age,qnodsuperest,
637 1743 778 1818 cognosce,
787 1741 1001 1799 etclariusaudi.

213 1820 268 1876 Nec
282 1841 327 1876 me
340 1822 428 1876 animi
454 1820 526 1878 fallit
538 1842 623 1898 quam
639 1824 688 1879 sint
700 1822 824 1888 obscura,
842 1822 884 1877 sed
897 1824 955 1880 acri

213 1899 342 1958 Percussit
357 1899 452 1980 thyrso
464 1904 551 1959 laudis
562 1902 622 1978 spes
637 1922 736 1979 magna
746 1923 840 1959 meum
853 1922 913 1970 cor,

212 1981 246 2035 Et
259 1984 338 2039 fimus
352 1982 460 2038 incnflit
474 1983 584 2038 suavem
599 1985 638 2038 mi
650 1985 775 2059 inpedus
787 2001 912 2038 amorem

211 2060 371 2118 Musarum:
394 2081 451 2135 quo
461 2083 536 2118 nunc
549 2063 700 2129 instiudsus,
716 2079 806 2119 mente
819 2062 926 2137 vigenti

211 2141 285 2196 Avia
293 2141 443 2197 Pieridum
457 2161 572 2218 peragro
584 2144 657 2207 soca,
668 2145 774 2197 nullius
783 2157 845 2197 aute

209 2219 289 2277 Trita
302 2220 379 2277 solo:
396 2221 478 2298 juvat
492 2223 613 2297 integros
627 2222 752 2278 accedere
762 2219 872 2287 sonteis,

210 2300 305 2377 Atque
317 2300 443 2358 haurire:
461 2303 693 2378 juvatquenovos
705 2303 851 2378 decerpere
865 2303 960 2360 floret:

210 2380 403 2458 Infignemque
416 2401 476 2437 meo
487 2383 572 2458 capiti
587 2399 679 2458 petere
688 2383 754 2439 iude
763 2404 906 2451 eoronam,

210 2460 292 2518 Unde
302 2461 458 2537 priusnulli
473 2463 589 2518 velarint
603 2478 729 2538 tempora
742 2464 845 2520 Musa:

209 2540 337 2597 Primum
347 2542 423 2616 quod
437 2544 543 2617 magnis
558 2543 644 2598 doceo
655 2543 789 2608 derebus,
805 2558 832 2598 et
840 2541 920 2600 ardis

209 2622 451 2677 Rattrorovuu
467 2624 574 2678 animos
588 2622 669 2677 nodis
678 2622 815 2678 exsolvere
829 2641 928 2697 pergo:

207 2699 315 2756 Deinde
324 2701 400 2776 quod
412 2699 527 2759 obseura
539 2703 573 2758 de
584 2723 612 2758 re
627 2717 681 2757 tam
695 2703 787 2757 lucida
799 2721 893 2778 pango

208 2780 351 2846 Carmina,
369 2782 468 2837 rnusaeo
483 2784 647 2858 contingens
661 2782 757 2838 cundia
771 2784 877 2858 sep01e3

208 2860 240 2915 ld
253 2879 366 2938 quoque
380 2862 454 2918 euim
468 2883 525 2918 non
535 2865 567 2918 ab
582 2864 661 2919 uulsa
674 2865 780 2920 ratione
793 2863 919 2921 videtur:

207 2939 258 2996 Sed
273 2942 358 2996 veluti
373 2944 467 3016 pueris
479 2942 614 2999 absinthia
627 2957 695 3000 tetra
706 2944 845 3000 medentes

207 3020 282 3075 Cum
296 3020 362 3078 dare
376 3037 524 3086 conantur,
541 3025 619 3098 prius
629 3044 690 3080 oras
699 3025 800 3099 pocula
813 3027 920 3082 circum

181 3136 186 3151 .
207 3100 385 3176 Contingunt
399 3104 488 3158 mellis
498 3103 574 3158 dulci
590 3105 717 3180 flavoque
729 3105 850 3179 liquore,

206 3179 247 3236 Ut
256 3201 408 3255 puerorum
422 3197 483 3238 atas
495 3183 655 3258 improvida
666 3182 827 3241 ludificetur

206 3259 360 3316 Labrorum
372 3276 461 3329 tenus,
473 3264 574 3319 interea
589 3278 716 3338 perpotet
727 3283 854 3322 amarum

206 3338 337 3399 Abtnthi
350 3342 468 3411 laticem,
483 3344 653 3420 deceptaque
665 3361 723 3400 nou
734 3344 872 3421 capiatur,

583 3425 671 3488 Ga·
933 3427 997 3486 aet
