2359 3875
255 420 460 494 LIBER
504 418 873 492 SECUNDUS.
921 438 968 509 49

129 551 133 558 '
204 554 319 631 Corpora
326 552 427 631 jaliaci
439 550 526 622 unius
532 550 666 628 genitalia
677 549 748 615 reiit

202 634 285 701 Unde,
302 634 363 701 nbi,
379 653 438 708 qua
448 633 490 698 vi,
503 647 597 708 etqno
609 629 690 707 prelo
702 628 843 706 congressa
857 628 976 686 coibunt

199 714 315 777 Materiae
330 728 410 778 tanto
423 713 454 770 in
468 713 583 788 peligno
595 709 855 786 turbaqoealiena?

198 796 256 852 Non
269 793 311 865 [nt
323 793 440 870 opinor)
453 791 556 849 hubent
569 794 705 849 rationem
718 788 903 847 conciliandi:

197 875 243 931 Sed
255 875 342 949 quas,
357 871 512 949 naufragiis
526 872 639 949 magnis·
648 871 796 947 multisque
814 870 928 936 coortis.

197 953 337 1013 Disieslare
351 955 418 1012 solet
430 972 562 1029 magnum
574 971 650 1010 mare
663 951 787 1020 transtra,
799 952 931 1028 guberna.

194 1035 348 1101 Antennar,
363 1054 492 1111 proram,
508 1035 605 1099 malos,
623 1033 763 1109 tonsasque
776 1030 932 1097 natanteis3

195 1115 244 1174 Per
258 1113 519 1173 terrerum-omneis
529 1132 593 1170 oras
605 1114 745 1170 fluitantia
756 1112 877 1188 aplustra

195 1195 232 1253 Ut
241 1196 411 1259 videantur3
428 1209 455 1250 et
468 1193 607 1252 indicium
622 1194 785 1253 mortalibus
798 1191 895 1257 edant.

194 1276 277 1333 lnfidi
291 1276 378 1332 maris
392 1274 514 1341 infidias',
525 1273 671 1349 vireisque,
683 1274 843 1347 dolumque

195 1355 232 1414 Ut
244 1358 335 1413 vitare
348 1355 451 1420 velint3
468 1373 539 1411 neve
551 1356 610 1412 ullo
626 1369 748 1429 tempore
760 1351 884 1426 credunt,

197 1438 318 1493 Subdola
330 1456 397 1494 cunr
407 1436 480 1494 ridet
490 1435 594 1510 placidi
607 1435 726 1512 pellacia
737 1432 831 1510 ponti.

194 1518 235 1574 sic
249 1518 302 1573 tibi
318 1516 336 1572 fi
351 1516 431 1572 finita
443 1516 525 1573 semel
545 1516 704 1592 primordia
716 1514 842 1591 quadarn

196 1596 376 1662 Constituer3
393 1613 483 1653 aevum
495 1596 636 1654 debebunt
649 1595 740 1672 sparse
753 1616 804 1673 per
815 1614 900 1652 omne

196 1677 343 1736 Disieslare
353 1676 429 1734 aeslus
443 1677 541 1734 diverfi
556 1676 698 1733 materiai:

195 1760 350 1834 Nunquam
363 1758 393 1814 iu
408 1757 560 1814 concilium
574 1771 605 1824 ut
619 1755 719 1832 poffint
729 1756 872 1835 compulsa
885 1757 976 1824 coire;

196 1840 253 1896 Nec
264 1838 400 1897 remorari
414 1838 444 1896 in
458 1838 596 1902 concilim
613 1856 664 1893 nec
676 1839 790 1895 crescere
801 1838 926 1894 adnulla.

197 1922 331 1997 Quorum
339 1932 492 1994 utrumque
500 1920 595 1997 palmi
604 1916 665 1976 fieri
675 1918 816 1978 manifesta
825 1918 906 1975 docet
918 1936 977 1982 retr

198 2002 232 2056 Et
246 2020 287 2057 rer
302 1999 453 2079 progigni3
464 2013 497 2064 et
508 2000 613 2076 genitae
627 2001 795 2074 procrescere
808 1997 896 2074 posse.
935 2065 939 2070 ῃ

198 2080 255 2136 Esse
266 2080 357 2156 igitur
370 2079 506 2155 generein
520 2079 624 2155 quovis
633 2081 791 2156 primordia
805 2098 901 2134 rerum

199 2161 315 2218 Infinita
328 2155 466 2237 palam'sl,
481 2161 556 2217 nude
568 2162 664 2216 omnia
677 2154 904 2239 lnppcditantur.

237 2243 297 2298 Nec
311 2240 440 2316 superare
453 2256 559 2314 queunt
572 2253 663 2297 motus
676 2243 774 2317 utique
786 2239 909 2297 exitiales

198 2321 351 2398 Perpetem,
365 2339 456 2394 neque
468 2320 498 2375 in
511 2335 646 2379 aeternum
659 2321 772 2397 sepelire
785 2322 917 2378 salutem:

197 2402 254 2459 Nec
264 2420 353 2478 porro
367 2420 460 2456 rerum
474 2401 615 2476 genitales,
630 2401 802 2477 nullificiqne

199 2482 292 2539 Motnr
305 2494 443 2557 perpetuo
454 2480 565 2556 possunt
577 2480 683 2538 servare
697 2499 798 2540 creata.
829 2526 831 2531 .

198 2562 241 2618 Sic
254 2580 335 2636 aequo
348 2559 455 2636 geritur
467 2561 617 2617 certamine
630 2563 841 2637 principiorum

200 2643 240 2699 Ex
254 2641 369 2698 infinito
381 2638 553 2697 contractum
568 2655 692 2717 ternpore
707 2643 826 2699 bellum:

201 2723 283 2779 Nunc
295 2719 353 2788 hic,
370 2740 447 2780 nunc
460 2721 519 2778 illic
533 2720 664 2795 superant
676 2722 774 2778 vitalia
786 2742 894 2788 rerum

199 2803 232 2858 Et
244 2803 412 2878 superantur
424 2803 505 2857 item:
521 2801 653 2858 miscetur
662 2801 758 2858 sunere
769 2824 867 2879 vagor,

201 2884 293 2960 Quem
307 2880 510 2958 pueri-tollunt
523 2881 638 2938 visentes
651 2882 767 2940 luminis
778 2904 854 2943 orus:

200 2963 255 3020 Nec
268 2977 328 3018 nore
339 2963 397 3018 ulla
408 2960 496 3026 diem,
510 2980 600 3036 neque
611 2962 719 3028 nollem
732 2984 832 3023 aurora
844 2961 977 3033 secutis,

201 3044 270 3120 Quae
282 3060 342 3107 non
352 3040 474 3099 audierit
487 3041 580 3098 mislor
593 3042 731 3118 vagitibus
744 3046 822 3121 aegrir

201 3123 337 3189 Ploratus,
352 3123 450 3178 mortis
462 3123 586 3190 comites,
602 3139 629 3179 et
641 3124 745 3180 sunerir
758 3127 822 3182 atri.

243 3201 321 3258 Illud
335 3203 364 3258 in
376 3200 421 3258 his
431 3200 606 3278 obfignatir'm
619 3212 730 3279 quoquc
744 3204 824 3263 rebus
837 3204 937 3263 babere

201 3283 352 3348 Convenit,
366 3296 393 3338 et
407 3283 525 3338 memori
538 3285 700 3341 mandatum
712 3301 802 3349 mente
817 3301 922 3343 tenerer

200 3363 250 3421 Nil
263 3361 324 3428 esse,
339 3362 370 3419 in
382 3375 518 3440 promptu
528 3382 654 3439 quorum
666 3378 765 3422 natura
778 3381 896 3430 tenetur,

580 3443 605 3498 n
895 3442 990 3521 Qu
