2359 3875
198 430 240 500 32
343 401 809 477 T.LUCRET1!

199 538 236 593 Et
248 537 322 613 quafi
337 552 445 593 terreno
459 556 520 612 quae
542 556 661 613 corpore
675 537 885 593 contineantur:

199 618 242 673 At
254 631 350 673 contra
364 631 457 673 tenues
470 633 618 692 exponunt
631 618 700 673 aeris
710 636 801 681 auras,

203 699 239 753 Et
253 696 355 753 calidos
366 696 446 752 limul
459 697 577 753 amedio
597 695 736 752 differrier
749 697 848 770 igneis,

203 776 300 850 Atque
314 776 376 831 ideo
391 790 479 832 totum
493 776 719 832 circumiremere
732 774 830 831 aethera
843 774 937 851 figois,

205 857 241 912 Et
255 855 319 910 solis
333 855 474 912 flammam
495 876 545 931 per
558 856 619 911 coeli
633 858 730 910 caerula
745 855 829 929 pasci,

206 934 296 1011 Quod
308 935 383 992 calor
396 955 410 989 a
423 936 516 991 medio
529 934 638 1011 fugiens
651 936 692 991 ibi
706 936 816 1009 colligat
826 933 927 1009 igneis.

198 1013 338 1089 ·(Quippe
352 1017 435 1071 etiam
447 1014 518 1071 vesci
531 1034 546 1071 e
558 1031 627 1071 terra
641 1016 768 1070 mortalia
781 1015 871 1069 saecla:

205 1097 265 1151 Nec
274 1093 404 1169 prorsum
417 1094 562 1150 arboribus
575 1094 695 1150 summos
708 1094 880 1150 frondescere
890 1112 956 1148 rain<

206 1171 296 1241 Polie,
311 1173 360 1228 nifi
375 1174 477 1231 aterris
490 1176 634 1250 pauliatim
646 1174 745 1247 cuique
756 1175 877 1230 cibatum

204 1255 292 1312 Terra
304 1253 359 1327 dee)
370 1268 398 1310 at
411 1254 493 1330 supra
512 1254 618 1310 circum
632 1270 719 1329 tegere
733 1255 829 1309 omnia
844 1255 945 1308 coelum

204 1337 251 1393 Ne
260 1335 413 1391 uolucrum
426 1335 481 1389 ritu
495 1335 681 1398 flammarum,
697 1335 800 1389 rnoenia
813 1334 915 1388 mundi

206 1412 365 1490 Diffugiant
377 1413 467 1469 subito
481 1434 613 1489 magnum
624 1434 675 1489 per
684 1414 765 1472 inane
775 1414 874 1480 soluta,

143 1559 146 1564 ¹
207 1496 243 1550 Et
253 1514 287 1550 ne
300 1509 395 1550 catera
407 1494 544 1549 confimili
560 1494 665 1549 ratione
679 1494 843 1568 sequantur:

205 1577 284 1630 Neve
298 1587 381 1629 mant
392 1574 454 1629 eoeli
469 1572 609 1630 tonitralia
624 1578 725 1649 templa
739 1575 864 1650 superne,

204 1656 347 1727 Terraque
361 1652 385 1707 se
398 1652 518 1728 pedibus
530 1654 634 1728 raptim
649 1653 792 1722 subducat,
814 1669 841 1709 et
854 1672 954 1710 omnes

208 1735 286 1789 Inter
295 1732 436 1808 permistas
449 1747 536 1797 terrae,
549 1734 666 1808 coelique
680 1737 775 1790 ruinas

206 1814 334 1888 Corpora
347 1812 490 1878 solventes,
503 1814 601 1868 abeant
614 1833 668 1889 per·
678 1814 758 1870 inane
770 1813 953 1891 profundum

205 1893 358 1969 Temporis
370 1907 400 1948 ut
413 1891 520 1968 puniio
528 1891 603 1951 nihil
613 1893 697 1950 exflet
710 1895 912 1970 relliquiarum,

205 1973 351 2030 Desertum
366 1988 465 2050 prater
474 1972 607 2048 spatium,
621 1989 648 2030 et
662 1975 815 2050 primordia
829 1995 911 2030 caca.

206 2055 281 2110 Nam
295 2070 460 2126 quacunque
473 2054 553 2128 prius
566 2054 600 2110 de
606 2057 679 2131 parti
693 2075 811 2130 corpora
820 2053 886 2109 cesse

206 2133 376 2198 Constituti,
391 2131 449 2188 haee
463 2135 544 2190 rebus
555 2135 609 2190 'erit
623 2154 686 2209 pars
692 2136 780 2211 janua
790 2132 877 2190 lethi:

205 2214 268 2270 Hae
283 2212 308 2267 se
321 2214 403 2269 turba
415 2212 488 2267 foras
495 2213 573 2270 dabit
585 2214 678 2270 omnis
692 2215 828 2271 materiai.

250 2292 345 2350 Haeefi
361 2291 505 2366 pernosces
514 2312 600 2369 parva
609 2291 770 2369 personeius
783 2295 887 2369 opella,

207 2369 346 2444 (Namque
359 2370 417 2427 alid
430 2391 464 2427 ex
477 2373 532 2429 alio
545 2373 694 2447 clarescet,)
709 2395 767 2430 non
782 2375 834 2430 sibi
848 2393 917 2430 caeca

206 2453 274 2508 Nox
286 2451 340 2507 iter
351 2451 460 2527 eripiet,
472 2454 544 2526 quin
557 2452 655 2509 ultima
668 2455 778 2511 naturai

205 2529 371 2601 Pervideas3
394 2532 434 2590 ita
447 2551 489 2590 ree
501 2532 654 2593 accendent
664 2535 771 2593 ronna
785 2537 880 2593 rebus.
