2359 3875
196 434 241 525 63
363 429 406 499 T.
450 426 845 499 LUCRETII

207 557 328 634 Integit‚
344 570 369 612 et
381 557 456 631 large
469 552 570 611 diffuso
584 556 691 611 lumine
707 554 790 610 ridet.

209 638 320 695 Omnia
335 636 497 712 suppeditat
512 655 596 710 porro
610 652 725 700 natur·a;
749 655 839 710 neque
853 634 911 690 ulla

211 720 267 775 Res
280 716 369 773 animi
383 736 479 791 pacem
492 716 611 772 delibrat
625 732 751 791 tempore
766 717 796 770 in
810 717 869 772 ullo

204 800 247 855 At
260 812 357 854 contra
369 794 503 871 nusquam
515 811 653 873 apparent
666 794 818 854 Acherusia
830 795 952 871 templa:

204 879 264 935 Nec
277 878 356 933 tellus
366 875 461 942 obstat,
476 876 547 950 quin
560 878 656 933 omnia
666 875 862 952 dispiciantur,

88 957 94 969 '
210 958 268 1015 Sub
282 956 402 1033 pedibus
414 975 587 1031 quacunque
599 956 673 1012 inira
687 956 836 1032 perinane
848 968 994 1032 geruntur.

207 1036 262 1094 His
276 1036 328 1092 tibi
343 1055 386 1091 me
401 1037 481 1092 rebus
491 1035 620 1109 quadam
633 1036 730 1091 divina
743 1039 872 1113 voluptas

211 1116 345 1195 Percipit‚
361 1131 443 1191 atque
457 1114 575 1181 horton
601 1117 677 1190 quod
691 1118 836 1173 denatura
852 1134 899 1174 tua
913 1115 943 1171 vi

210 1199 284 1256 Tam
296 1194 440 1253 manifesta
453 1210 529 1271 patet
540 1215 575 1251 ex
589 1197 670 1253 omni
681 1211 758 1272 parte
772 1196 881 1253 retet‘ia.

254 1280 290 1334 Et
302 1277 438 1353 quoniam
448 1276 546 1343 docui,
558 1275 719 1332 onustarum
730 1277 847 1334 exordia
861 1296 957 1333 rerum

210 1359 316 1436 Qualia
330 1358 397 1422 fint3
421 1372 448 1412 et
460 1376 542 1431 quam
557 1357 641 1413 variis
654 1356 782 1422 distantia
792 1357 890 1414 formis

214 1442 319 1516 Sponte
332 1438 378 1494 sua
391 1437 509 1493 volitent
522 1452 625 1493 aeterno
638 1439 745 1511 pertita
757 1454 850 1504 motu;

212 1522 337 1596 Quoque
350 1516 434 1572 modo
449 1516 551 1591 poffint
564 1537 599 1573 ex
612 1516 656 1573 his
670 1536 712 1573 rea
726 1536 841 1592 quaeque
854 1517 962 1575 creari:

211 1598 299 1657 Hasce
309 1596 459 1673 secundum
474 1615 515 1652 res
528 1597 630 1653 Animi
641 1613 740 1653 natura
753 1598 876 1665 videtur,

211 1679 311 1753 Atque
323 1677 435 1733 Animae
448 1676 576 1733 claranda
584 1680 653 1733 meis
658 1679 719 1753 jam
732 1678 853 1734 verfibua
866 1677 938 1736 effe:

211 1760 249 1815 Er
260 1757 405 1813 metuaille
418 1754 491 1811 foras
505 1776 627 1833 preceps
640 1757 812 1815 Acheruntis
825 1759 955 1833 agendus

212 1837 364 1903 Funditus,
374 1834 527 1893 humanam
538 1840 588 1912 qui
602 1839 798 1895 vitam-turbat
808 1840 844 1895 ab
857 1842 934 1905 im03

212 1919 320 1978 Omnia
333 1914 494 1974 suffundens
504 1918 601 1975 mortis
615 1918 726 1994 nigrore
738 1944 746 1986 3
770 1938 861 1994 neque
872 1922 959 1977 ullam

213 1999 274 2058 Effe
287 2001 459 2076 voluptatem
473 1999 611 2074 liquidam
624 2019 780 2076 puramque
793 2001 945 2075 relinquit.

256 2083 344 2146 Nam,
359 2077 437 2155 quod
449 2079 518 2156 saepe
535 2077 662 2137 homines
672 2083 787 2139 morbos
799 2081 888 2155 magia
900 2081 952 2140 effe
966 2083 1002 2140 ti-

111 2218 113 2221 ,
339 2159 455 2216 mendos

212 2242 407 2314 Infamemque
418 2238 512 2296 ferunt
524 2241 626 2308 vitam,
640 2261 727 2317 quam
742 2255 842 2298 tartara
855 2239 923 2298 lethi
935 2266 943 2308 ς

214 2324 250 2378 Et
264 2322 287 2378 se
302 2321 370 2377 scire
382 2317 470 2374 animi
482 2333 612 2379 naturam
625 2321 766 2398 [anguinis
779 2320 846 2386 effe3

212 2404 272 2460 Nec
282 2399 410 2478 prorsum
422 2399 573 2474 quicquam
584 2401 683 2459 nostre
697 2402 812 2458 rationis
820 2421 914 2477 egere:

212 2483 291 2540 Hinc
304 2481 369 2538 licet
380 2478 506 2536 advertas
519 2481 656 2549 animum,
672 2483 760 2560 magia
774 2485 872 2538 omnia
885 2483 990 2552 landis,

199 2563 275 2620 ‘Aut
288 2563 371 2619 etiam
383 2559 472 2626 venti,
487 2560 568 2620 dfert
582 2565 621 2619 ita
634 2562 705 2619 forte
717 2565 858 2628 voluntas,

206 2643 311 2720 Jailari
325 2643 424 2709 cauda,
436 2659 521 2716 quam
535 2644 613 2718 quod
624 2663 666 2700 rea
679 2644 737 2718 ipsa
751 2643 899 2719 probetur.

212 2726 346 2781 Extorres
355 2723 441 2780 iidem
457 2724 561 2796 patria,
573 2726 711 2800 longeque
725 2722 812 2800 fugati

187 2845 189 2849 ψ
211 2802 367 2880 Conspetiu
381 2801 590 2869 creberrimum,
605 2803 700 2860 foedati
710 2803 828 2860 erimine
842 2804 935 2880 turpi,

213 2886 358 2943 Omnibus
372 2881 502 2938 aerumnis
513 2881 604 2940 affedli
616 2883 737 2959 denique
745 2886 862 2941 vivunt:

207 2967 249 3025 xEt
262 2982 430 3039 quocunque
444 2976 537 3017 tamen
546 2964 643 3020 miseri
653 2985 763 3030 venere,
778 2980 944 3039 pareratant3

211 3046 248 3100 Et
261 3045 355 3119 nigras
367 3042 487 3099 manant
499 3043 640 3117 pecudem
657 3060 683 3100 et
696 3040 824 3101 mauibu'
838 3045 913 3102 divis

211 3122 329 3180 Inferias
342 3127 475 3181 mittuntt
502 3126 648 3199 multoque
660 3126 692 3180 in
703 3127 786 3181 rebus
800 3125 905 3182 acerbis

210 3204 315 3262 Acrius
327 3202 477 3260 advertitur
487 3204 598 3261 animoa
608 3205 643 3261 ad
657 3205 844 3281 relligionem.

256 3285 326 3361 Quo
340 3285 428 3361 magis
439 3285 566 3344 indubiis
581 3282 726 3341 hominem
738 3286 857 3363 spedare
871 3286 986 3364 periclis

211 3364 379 3433 Convenit·,
399 3366 571 3443 advenisque
584 3367 616 3425 in
629 3367 712 3425 rebus
723 3367 836 3462 noscere
848 3368 899 3444 qni
908 3368 951 3504 figi

777 3486 785 3507 t
951 3466 995 3503 aru
