2359 3875
298 438 490 507 LIBER
537 432 843 533 QUARTUS.
887 458 952 525 1¹3
1022 442 1050 476 -’

173 564 269 639 Usque
282 565 350 621 adeo
365 566 394 621 fit
409 565 450 621 uti
461 566 554 641 pueris
567 565 724 631 videantur,
739 563 788 620 ubi
800 562 851 639 ipfi

172 646 322 701 Defierunt
335 646 405 702 verti
416 668 423 710 ;
448 646 497 702 vix
507 662 538 702 ut
547 648 608 722 jam
621 644 850 720 crederepoffint,

173 727 243 781 Non
256 725 340 801 supra
352 725 403 780 sele
418 745 495 782 ruere
507 727 603 782 omnia
618 724 682 782 tella
697 726 811 782 minari.

207 806 331 879 Jamque
338 807 456 862 rubrum
464 804 957 883 tremulisjubarignibuserigerealte

175 885 253 939 Cum
267 900 368 961 coeptat
380 900 495 949 natum
519 888 656 961 supraque
668 887 800 942 extollere
808 886 946 948 monacis:

174 966 259 1041 Quos
274 966 326 1021 tibi
340 981 399 1021 tum
410 965 492 1041 supra
504 967 544 1022 lol
556 967 676 1022 monteis
688 964 739 1021 elle
750 965 872 1031 videtur,

172 1043 345 1101 Comminus
354 1045 411 1120 ipse
424 1044 472 1101 luo
482 1047 647 1121 contingens
656 1045 781 1103 fervidus
792 1046 870 1122 ignia

170 1123 237 1179 'Vix
247 1124 346 1181 absunt
359 1125 441 1181 nobis
453 1126 548 1182 milsus
561 1128 603 1181 bis
618 1127 696 1182 mille
710 1125 826 1202 sagittae:

174 1203 236 1260 Vix
249 1206 333 1261 etiam
344 1206 436 1262 cursus
447 1207 612 1282 quingentos
626 1206 692 1282 laepe
707 1206 813 1261 veruti:

174 1283 323 1350 luterem,
340 1286 476 1360 solemque
484 1288 577 1363 jacent
589 1287 722 1341 immania
737 1287 818 1361 ponti

174 1364 307 1439 Equum,
324 1365 454 1421 substrata
467 1366 584 1423 aetheriis
598 1366 757 1441 ingentibus
770 1366 843 1421 otis:

176 1441 376 1521 Interjellaque
389 1445 450 1501 lunt
465 1462 600 1503 terrarum
615 1448 703 1502 millia
718 1448 819 1509 multa,

176 1526 249 1599 Quae
263 1526 346 1581 variae
360 1525 478 1580 retinent
492 1542 595 1603 gentes,
610 1541 637 1580 et
650 1526 724 1581 saecla
737 1525 873 1585 [eratum.

174 1607 215 1659 At
227 1604 366 1660 conledlus
376 1626 462 1679 aquae,
478 1606 599 1683 digitum
615 1625 672 1660 nou
685 1607 767 1662 altior
780 1626 880 1673 unum,

175 1686 237 1761 Qui
247 1684 353 1760 lapides
365 1685 438 1743 inter
451 1686 514 1742 fistit
527 1707 578 1763 per
587 1685 666 1741 [irata
675 1687 796 1753 viarum,

175 1762 337 1840 Despeetum
351 1766 454 1840 prebet
467 1766 514 1821 lub
530 1782 613 1822 terras
627 1766 729 1841 impete
743 1781 830 1833 tanto,

174 1845 203 1898 A
217 1844 298 1900 terris
315 1859 451 1919 quantum
467 1848 528 1902 coeli
542 1861 617 1921 patet
630 1848 699 1901 altus
712 1845 816 1902 hiatus:

176 1924 281 1982 Nubila
294 1924 442 2001 despicere,
457 1942 483 1982 et
497 1928 598 1984 coelum
610 1941 642 1982 ut
656 1925 767 1982 videare
781 1926 886 1994 videre,
898 1943 925 1983 et

176 2007 304 2081 Corpora
318 2006 446 2062 mirando
460 2007 507 2062 lub
523 2023 606 2063 terras
619 2005 713 2063 abdita
728 2008 808 2062 coelo.

216 2085 358 2160 Denique,
372 2087 422 2142 ubi
436 2087 465 2142 in
477 2088 570 2143 medio
583 2087 663 2143 nobis
676 2106 762 2160 equus
772 2105 833 2142 acer
845 2084 958 2142 obhaefit

176 2167 321 2230 Flumiuc3
339 2182 364 2221 et
377 2167 407 2220 in
422 2167 531 2243 rapidas
545 2168 634 2222 amnis
646 2165 817 2243 despeximus
830 2167 934 2223 undas:

175 2246 275 2302 Stantis
288 2246 353 2322 equi
366 2265 467 2320 corpus
481 2246 665 2302 transversum
677 2245 748 2304 ferre
762 2245 874 2305 videtur
928 2256 931 2263 “

175 2325 238 2392 Vis,
250 2339 277 2381 et
289 2327 320 2382 in
330 2326 475 2382 adversum
489 2327 594 2384 flumen
607 2327 770 2384 contrudere
786 2327 905 2403 raptim:

173 2404 216 2472 Et,
231 2425 400 2481 quoeunque
413 2408 507 2463 oculos
518 2408 686 2483 trajecimus,
701 2407 797 2464 omnia
809 2408 888 2475 ferri,

173 2484 208 2540 Et
221 2485 306 2542 fluere
317 2486 435 2542 adfimili
449 2488 531 2543 nobis
543 2490 651 2543 ratione
664 2488 807 2544 videntur.

213 2565 342 2622 Porticus
352 2567 449 2640 aequali
462 2567 588 2643 quamvis
599 2566 635 2621 est
647 2566 768 2641 denique
780 2567 878 2641 dudu,v

173 2645 302 2720 Stansque
316 2647 347 2701 in
362 2661 529 2722 perpetuum
544 2647 658 2721 paribus
671 2645 782 2702 lullulta
794 2647 953 2713 columnia

173 2725 269 2801 lunga
279 2740 371 2782 tamen
384 2741 462 2802 parte
474 2727 508 2782 ab
522 2727 627 2781 summa
640 2745 704 2781 cum
718 2742 774 2782 tota
786 2726 909 2795 videtur,

172 2804 320 2861 Paullatim
335 2804 421 2862 trahit
433 2806 540 2882 angusti
554 2805 660 2880 fastigia
673 2808 737 2862 coni
748 2831 756 2873 3

171 2884 254 2940 Tella
267 2884 323 2941 solo
331 2889 462 2964 jungens,
478 2902 559 2960 atque
572 2887 668 2942 omnia
680 2889 792 2944 dextera
804 2887 894 2945 laevis:

166 2961 306 3024 Donicum
316 2966 346 3023 in
356 2965 504 3023 obscurum
517 2965 580 3022 coni
595 2967 730 3023 conduxit
743 2989 873 3024 acumen.

212 3046 247 3101 Iu
261 3047 359 3123 pelago
371 3047 462 3102 nautis
476 3067 510 3102 ex
524 3045 607 3102 undis
620 3064 709 3115 ortus,
722 3049 752 3103 in
765 3049 853 3105 undis

170 3125 215 3182 sol
229 3124 261 3181 fit
274 3128 315 3182 uti
329 3127 457 3183 videatur
469 3127 558 3192 obire,
574 3143 601 3181 et
613 3128 731 3182 condere
744 3129 853 3186 lumen:

170 3203 290 3284 Quippe
302 3208 351 3264 ubi
363 3209 405 3264 nil
417 3206 494 3263 aliud
507 3206 557 3262 nifi
570 3227 682 3282 aquam,
695 3209 849 3285 coelumque
869 3224 949 3270 tuen·

251 3301 312 3353 tur3

168 3365 213 3422 Ne
225 3366 323 3428 leviter
333 3367 426 3429 credas
438 3368 595 3430 ubefauari
604 3367 730 3446 undique
743 3369 845 3430 senius.

550 3451 608 3533 K3
894 3464 898 3470 ·
928 3451 976 3508 kx
