2359 3875
203 451 267 516 180
375 448 414 516 T.
458 447 845 519 LUCltETii

198 574 338 650 Calliope,
355 575 462 649 requies
470 574 633 642 hominum,
648 576 801 652 divumque
815 576 962 648 volupiam

196 653 238 709 Te
252 654 320 709 duce
331 669 363 709 ut
377 654 509 729 infignem
523 659 632 731 capiam
646 678 710 712 curn
725 656 805 712 laude
818 671 962 711 coronam.

176 807 178 811 Ι
240 733 397 809 Principio,
416 738 521 791 tonitru
535 737 704 810 quatiuntur
715 738 816 792 caerula
829 734 891 791 coeli

197 814 356 888 Propterea,
372 815 439 887 quia
453 831 625 870 concurrunt
640 816 754 871 sublime
768 816 892 871 volantes

199 893 325 949 AEtheriae
336 896 423 948 nubes
437 910 533 950 contra
548 892 737 970 pugnantibu'
754 896 855 950 ventis.

198 976 257 1028 Nec
272 974 303 1029 sit
317 974 392 1028 enini
406 974 509 1029 sonitus
519 977 581 1031 coeli
596 976 630 1031 de
645 989 722 1050 parte
738 975 839 1037 serena,

199 1055 308 1109 Verum
323 1053 483 1131 ubicunque
495 1055 581 1131 magis
595 1055 680 1111 denso
693 1054 756 1109 sunt
765 1055 876 1129 agmine
889 1053 988 1115 nubes,

197 1135 271 1189 Tam
281 1134 367 1210 magis
378 1133 445 1189 hinc
456 1154 557 1209 magno
567 1134 693 1191 fremitus
706 1136 737 1191 lit
747 1153 893 1192 murmure
907 1131 985 1207 saepe.

200 1216 343 1281 Praeterea,
358 1234 448 1289 neque
461 1230 516 1269 tam
531 1215 667 1271 condenso
681 1234 799 1289 corpore
808 1214 897 1268 nubes

202 1294 263 1349 tute
275 1310 392 1370 queunt,
417 1315 500 1369 quam
516 1293 710 1370 suntlapides,
731 1316 761 1351 ac
784 1295 875 1371 tigna:
898 1309 988 1366 neque

328 1391 420 1431 autem

200 1456 272 1510 Tam
287 1470 391 1522 tenues,
407 1476 490 1530 quam
505 1456 566 1512 sunt
579 1456 697 1522 nebulae,
713 1454 839 1529 fumique
850 1452 988 1508 volantes.

203 1536 278 1590 Nam
291 1548 339 1589 aut
353 1536 445 1591 cadere
459 1538 578 1610 abrupto
592 1538 724 1591 deberent
741 1534 866 1610 pondere
879 1529 984 1607 pressae,

206 1616 246 1671 Ut
260 1615 377 1689 lapides3
401 1633 462 1682 aut,
477 1632 507 1669 ut
521 1617 627 1681 sumus,
644 1616 764 1671 tonllare
778 1614 939 1691 nequirent,

204 1697 263 1751 Nec
275 1693 404 1750 cohibere
419 1697 507 1751 niveis
522 1698 635 1771 gelidas,
650 1712 677 1751 et
691 1694 833 1772 grandinis
845 1691 973 1748 imbreis.

246 1775 322 1835 Dant
336 1776 417 1830 etiam
425 1776 548 1831 sonitum
560 1778 648 1851 patuli
660 1776 742 1851 super
752 1792 861 1848 aequora
872 1769 986 1835 mundi,

204 1854 341 1912 Cerbalus
355 1872 386 1909 ut
399 1857 541 1930 quondam
556 1857 665 1931 magnis
678 1856 783 1911 intenta
797 1852 911 1909 theatris

205 1938 260 1992 Dat
275 1936 415 2013 crepiturn
429 1940 516 1993 malos
530 1938 605 1992 inter
612 1935 722 2013 jaslata,
739 1934 904 2008 trabeisque:

206 2017 354 2072 Interdum
370 2017 495 2091 perscissa
508 2017 578 2073 furit
591 2017 782 2091 petulantibus
791 2015 885 2080 Euris,

206 2097 243 2150 Et
255 2086 374 2170 sragileis
387 2096 491 2152 sonitus
504 2095 661 2151 chartarum
675 2095 907 2151 commeditatur:

207 2175 244 2231 ld
257 2194 368 2249 quoque
380 2177 455 2231 enim
466 2181 589 2252 genusin
604 2176 709 2230 tonitru
723 2174 884 2250 cognoscere
896 2171 991 2248 pollis,

207 2255 269 2310 Aut
283 2254 331 2309 ubi
346 2254 496 2330 suspensam
507 2256 618 2321 vestem,
634 2254 772 2311 chartasve
784 2253 921 2310 volanteis

209 2333 383 2390 Verberibus
395 2337 472 2390 venti
481 2335 601 2401 versant,
619 2336 811 2410 planguntque
823 2352 875 2408 per
886 2351 979 2388 auras.

250 2413 297 2468 Fit
311 2432 423 2488 quoque
437 2415 510 2470 enirn
523 2414 676 2481 interdum,
692 2429 724 2472 ut
736 2433 794 2470 non
806 2429 860 2469 tam
873 2431 992 2469 concur·

336 2513 394 2549 rere
406 2496 494 2552 nubes

211 2574 362 2630 Frontibus
375 2575 491 2631 adversis
507 2576 618 2651 possint,
633 2595 717 2650 quam
732 2574 765 2630 de
778 2576 861 2631 latere
871 2573 913 2628 ire

207 2655 324 2723 Diverso
338 2670 415 2711 motu
430 2656 554 2712 radentes
568 2652 691 2731 corpori'
707 2655 838 2711 trasium:

208 2735 317 2791 Aridus
330 2737 405 2791 unde
417 2737 507 2792 aureis
522 2751 606 2812 terget
618 2737 699 2791 sonus
712 2736 770 2801 ille,
785 2734 892 2810 diuque

208 2816 340 2880 Ducitur,
356 2818 457 2871 exierit
469 2816 557 2871 donec
572 2815 732 2890 regionibus
742 2815 835 2870 aruis.

253 2897 316 2950 Hoc
326 2896 409 2950 etiain
419 2894 499 2970 paslo
511 2896 617 2950 tonitru
627 2892 754 2950 concussa
769 2895 901 2951 videntur

211 2974 318 3031 Omnia
329 2975 396 3049 sape
408 2975 484 3048 gravi
499 2990 622 3041 tremere,
634 2974 777 3030 etdivolsa
790 2991 902 3050 repente

208 3055 333 3110 ll‘laxiina
345 3053 484 3109 dissiluisse
498 3055 605 3130 capacis
618 3056 720 3109 inoenia
734 3056 846 3119 mundi,

208 3135 283 3189 Cum
297 3134 388 3190 subito
400 3134 482 3189 validi
497 3136 572 3190 venti
585 3134 706 3190 consessa
719 3137 841 3208 procella

208 3213 339 3269 Nubibus
349 3215 456 3270 intorsit
469 3214 530 3281 sese,
543 3215 724 3287 conclusaque
734 3215 839 3270 ibidem

207 3292 340 3350 Turbine
353 3295 469 3349 versanti
483 3295 569 3370 magis
578 3313 609 3349 ac
621 3294 843 3370 magisuudique
856 3297 963 3354 nubem

206 3374 303 3452 Cogit,
321 3373 362 3433 uti
376 3374 423 3432 fiat
437 3373 518 3452 spisso
532 3394 598 3433 cava
611 3392 729 3449 corpore
743 3373 860 3432 circum.

930 3455 995 3512 eeu
