2359 3875
198 441 274 508 rut
382 433 422 506 T.
459 435 845 507 Luctum

206 575 243 629 Et
254 572 328 629 calor
339 585 478 627 extremus
491 572 585 646 primo
599 592 662 628 cum
675 570 778 647 frigore
787 570 885 627 mistus

205 653 353 717 Volvitur,
368 653 493 707 autumni
504 652 581 728 quod
591 652 678 709 fertur
690 654 806 709 nomine
819 667 942 724 temput.

204 734 260 789 Hic
273 751 381 807 quoque
393 732 549 807 confligunt
559 731 660 787 hiemes
674 733 807 788 aellatibus
820 751 907 786 acres.

202 814 354 889 Propterea
368 811 430 867 funt
442 810 499 866 haec
514 813 585 868 bella
598 833 665 867 anni
657 812 889 868 nominitauda.

204 896 264 951 Nec
277 892 382 947 mirum
387 887 435 946 fl
428 912 458 946 ιιι
469 909 502 947 eo
515 892 533 946 fi
548 908 674 984 tempore
688 893 813 966 plurima
825 891 899 947 fiunt

203 972 345 1037 Fulmina,
360 971 554 1062 tempestasque
568 972 658 1028 cietur
671 972 781 1029 turbida
791 972 872 1036 eoelo,

202 1052 334 1127 Ancipiti
347 1053 480 1125 quoniam
494 1052 566 1108 bello
579 1054 705 1109 turbatur
717 1052 860 1125 utrinque,

204 1133 281 1191 Hine
291 1132 423 1196 flammis,
442 1132 518 1187 illinc
531 1133 633 1195 ventis,
648 1130 819 1206 humoreque
832 1130 926 1187 miflo.

248 1214 311 1269 Hoc
323 1211 377 1267 est
371 1211 483 1287 igniferi
493 1227 621 1267 naturam
631 1212 759 1267 fulminis
771 1211 859 1287 ipsam

203 1294 377 1371 Perspicere‚
387 1307 413 1347 et
423 1312 477 1366 qua
490 1312 520 1347 vr
513 1291 612 1347 faciat
624 1312 683 1348 rem
692 1310 832 1381 quamque
846 1291 957 1348 videre:

204 1376 272 1431 Non
286 1372 417 1450 tyrrhena
432 1387 506 1428 retro
520 1373 680 1428 volventem
693 1370 817 1427 camrina
829 1370 930 1427 frustra

188 1481 191 1486 ’
203 1454 313 1509 Indicia
325 1454 438 1508 occultae
450 1452 549 1509 divum
562 1454 724 1527 perquirere
737 1452 851 1518 mentis,

203 1534 288 1591 Unde
301 1530 416 1588 volans
408 1533 480 1607 ignis
495 1534 720 1607 pervenerit,aut
734 1532 764 1586 in
776 1548 868 1587 utram
878 1532 903 1587 fe

202 1612 327 1671 Venerit
338 1610 384 1667 bic
398 1627 515 1687 partem,
532 1632 589 1686 quo
602 1612 682 1689 pado
692 1633 742 1687 per
755 1613 814 1667 loca
826 1613 902 1688 septa
947 1667 949 1671 .

203 1692 365 1758 Infinuarit‚
378 1707 404 1748 et
416 1690 483 1747 hinc
493 1692 654 1749 dominatus
667 1708 698 1748 ut
711 1693 842 1747 extulerit
852 1693 887 1759 fe,

201 1773 320 1852 Quidve
329 1792 426 1828 nocere
437 1787 520 1846 queat
531 1772 566 1827 de
575 1774 644 1840 coelo
654 1772 780 1828 fulminis
794 1771 875 1828 iclus.

248 1853 336 1930 Quod
347 1854 483 1946 fiJupiter
495 1868 576 1926 atque
585 1855 634 1909 alii
647 1851 781 1928 fulgentia
794 1852 856 1909 divi
933 1904 937 1909 .

202 1935 339 1994 Terrifico
352 1936 481 2025 quatiunt
494 1933 584 1990 sonitu
598 1933 713 1990 coelestia
726 1936 838 2010 templa,

203 2018 258 2071 Et
246 2016 355 2094 jaciunt
369 2014 467 2106 igneis,
480 2034 537 2090 quo
550 2015 650 2088 cuique
653 2011 682 2070 'st
695 2035 816 2088 cumque
829 2016 970 2105 voluptas,

199 2100 270 2161 Cur,
285 2096 407 2170 quibus
401 2111 543 2151 incautum
557 2095 642 2151 fcelus
655 2096 804 2151 aversabile
818 2089 980 2170 eumquessfl

198 2179 265 2233 Non
278 2175 395 2239 faciunt,
413 2174 459 2230 itti
474 2175 597 2232 flammas
608 2190 638 2231 ut
651 2175 771 2251 fulguris
780 2173 873 2231 halent

197 2256 310 2313 Peflore
318 2255 438 2330 perfixo,
454 2255 589 2311 documen
603 2257 768 2312 mortalibus
781 2255 865 2312 aere?

199 2338 235 2391 Et
244 2337 337 2411 potius
347 2335 429 2401 nullae
442 2335 490 2391 fibi
505 2338 596 2411 turpis
608 2332 727 2392 confciu'
742 2336 781 2391 rei

199 2415 336 2471 Volvitur
346 2415 376 2468 in
388 2413 506 2471 flammis
518 2415 663 2482 innoxius,
680 2416 765 2492 inque
776 2415 903 2493 peditur,

198 2497 326 2552 Turbine
335 2493 433 2550 coelefli
449 2495 538 2550 subito
547 2512 696 2572 conreptus
710 2512 735 2552 et
751 2495 834 2572 igni?

243 2577 304 2631 Cur
314 2575 395 2630 etiam
406 2577 464 2631 loca
477 2576 532 2631 fola
542 2592 651 2652 petunt,
665 2577 818 2652 frullraque
832 2576 980 2634 laborant?

198 2656 248 2714 An
261 2675 313 2712 con
326 2653 438 2710 brachia
448 2655 613 2722 fuefaciunt,
625 2658 790 2732 firmantque
800 2657 938 2715 lacertos?

199 2738 235 2793 ln
250 2752 373 2810 terraque
385 2737 473 2810 patris
485 2756 536 2792 cur
549 2738 635 2792 telum
645 2738 844 2813 perpetiuntur

199 2815 354 2873 Obtundi?
367 2835 416 2870 cur
430 2817 438 2870 i
443 2816 489 2890 pfe
501 2816 574 2882 fruit,
588 2837 678 2892 neque
691 2819 781 2910 parcit
794 2819 824 2873 iu
838 2817 961 2875 hofleis?

240 2895 378 2967 Denique,
394 2913 444 2950 cur
457 2916 600 2971 nunquam
611 2900 698 2953 coelo'
686 2900 755 2973 jacit
768 2898 894 2974 undique
906 2918 979 2974 puro

191 2974 324 3051 Jupiter
317 2995 348 3028 ιιι
363 2988 444 3029 terras
458 2974 574 3040 fulmen,
587 2977 748 3070 sonitusque
758 2977 931 3055 profundit?

196 3058 245 3111 An
259 3055 338 3110 fimul
351 3074 382 3109 ac
395 3056 483 3110 nubes
497 3054 651 3123 fucerffme,
666 3048 748 3133 ipfe
734 3079 763 3113 tn
776 3079 820 3116 eas
834 3073 896 3117 tum
950 3077 954 3083 '

195 3134 340 3190 Descendit
351 3154 439 3210 prope
452 3151 484 3191 ut
496 3134 562 3193 hinc
577 3137 624 3193 teli
633 3137 797 3196 determinet
809 3139 902 3197 idus?

196 3216 233 3270 In
247 3233 321 3270 mare
331 3234 384 3288 qua
397 3235 482 3290 porro
496 3219 584 3273 mittit
597 3218 728 3274 ratione?
734 3204 810 3299 quid
823 3220 912 3278 undas
954 3258 956 3263 >

194 3295 310 3370 Arguit
327 3310 353 3348 et
363 3296 502 3369 liquidam
517 3300 630 3362 molem,
645 3300 811 3374 camposque
825 3302 970 3360 natantesa

233 3377 382 3444 Pratum,
397 3375 415 3434 fi
428 3378 493 3435 vult
503 3395 646 3436 careamus
655 3377 782 3440 fulminis
791 3379 893 3450 illum,
948 3428 950 3434 .

915 3464 975 3519 <lut
