2359 3875
266 470 331 517 202
460 403 946 520 reverterit

260 573 416 631 Praesertim
430 593 495 631 cum
505 575 555 632 vix
569 575 650 652 possit
662 596 713 654 per
724 576 797 654 septa
809 577 965 636 domorum

262 655 407 713 Insinuare
420 656 500 712 suum
515 656 600 713 radiis
612 657 773 714 ardentibus
786 657 902 715 allum?
938 682 944 689 ·

261 738 337 813 Quae
350 738 422 793 ratio
435 735 471 792 esl
485 736 595 813 igitur?
605 738 743 794 nimirum
755 752 826 794 terra
834 738 1005 814 magisquod

263 819 420 874 Raratenet
428 818 533 874 circum
544 816 619 874 hunc
629 818 747 886 sontem,
757 834 944 894 quamcaetera
952 822 1045 878 tellus.

261 899 411 971 Multaque
424 898 486 953 lunt
498 899 570 974 ignis
581 918 669 975 prope
679 898 780 955 semina
793 919 894 975 eorpus
906 901 1000 974 aquai.

261 980 339 1036 Hinc
352 979 401 1034 ubi
416 978 539 1036 roriferis
552 994 654 1034 terram
667 998 725 1045 nore
738 981 834 1036 obruit
847 980 970 1037 umbris:

262 1060 416 1136 Extemplo
430 1060 525 1115 subtus
537 1058 659 1136 frigescit
669 1074 749 1125 terra,
764 1061 887 1134 coitque.

262 1142 325 1197 Hac
338 1141 446 1196 ratione
460 1139 502 1207 sit,
518 1156 561 1205 ut,
577 1154 710 1213 tanquam
723 1138 874 1217 compressa
889 1160 976 1198 manu
991 1142 1034 1210 fit,

263 1218 1045 1298 Exprimatinsontem,quaeseminecumquehabetignis‚

264 1304 336 1380 Quae
349 1303 471 1359 calidum
481 1300 587 1357 sariunt
597 1299 684 1356 laticis
698 1299 799 1356 taslum
812 1315 893 1374 atque
907 1300 1044 1375 saporem.

264 1383 335 1439 Inde
345 1384 394 1439 ubi
409 1382 447 1439 sol
461 1382 549 1437 radiis
562 1397 663 1438 terram
675 1379 798 1436 dimovit
810 1381 929 1446 obortis,

265 1464 301 1519 Et
316 1462 440 1519 raresecit
454 1461 546 1518 calido
559 1460 689 1516 miscente
701 1480 822 1536 vapore:

265 1544 373 1599 Rursus
387 1546 417 1599 in
430 1544 557 1616 antiquas
570 1541 687 1597 redeunt
699 1541 857 1617 primordia
870 1540 958 1597 sedeis

264 1624 354 1698 Ignis,
367 1624 436 1678 etin
453 1637 551 1677 terram
566 1620 639 1676 cedit
652 1623 728 1677 calor
739 1622 829 1677 omnir
843 1623 940 1698 aquai:

264 1704 394 1778 Frigidus
408 1702 479 1758 hanc
491 1703 527 1757 ob
541 1722 599 1756 rem
612 1701 643 1757 fit
656 1699 716 1756 sons
728 1701 759 1757 in
773 1703 834 1758 luce
847 1702 960 1758 diurna.

307 1784 450 1848 Praeterea,
466 1782 530 1836 solis
544 1782 628 1837 radiis
636 1780 755 1857 jassatur
766 1782 847 1857 aquai

262 1864 387 1929 Humor,
403 1865 472 1919 etin
487 1862 542 1918 luci
558 1864 679 1918 tremulo
693 1862 802 1919 rarescit
814 1863 848 1918 ab
863 1862 939 1919 aeslu:

262 1947 413 2022 Propterea
426 1945 458 2002 fit
470 1944 512 2000 uti
526 1964 585 2020 quae
599 1944 703 1999 semina
715 1964 827 2021 cunque
838 1941 921 2000 habet
933 1944 1018 2021 ignis,

263 2027 410 2082 Dimittat:
427 2026 499 2101 quafi
515 2028 582 2100 laepe
596 2027 700 2100 gelum,
714 2025 790 2098 quod
804 2025 927 2081 continet
941 2026 1019 2099 inse,

260 2107 363 2172 Mittit,
377 2122 403 2163 et
415 2109 523 2164 exoluit
536 2105 666 2180 glaciem,
680 2105 821 2179 nodosque
835 2107 948 2162 relaxat.

305 2187 437 2262 Frigidus
451 2186 486 2243 ell
496 2189 579 2243 etiarn
593 2183 666 2250 sons,
683 2184 765 2260 supra
778 2204 861 2261 quem
875 2186 921 2241 fita
932 2187 1003 2264 saepe

261 2269 349 2342 Stupa
357 2268 426 2344 jacit
440 2268 563 2324 flammas
577 2281 712 2341 concepto
727 2267 856 2341 protinus
869 2267 946 2342 igni:

259 2348 392 2422 Tedaque
405 2348 544 2403 confimili
559 2345 667 2402 rarione
681 2347 791 2401 accensa
804 2364 855 2421 per
864 2347 955 2403 undas

260 2428 410 2493 Conlucet,
426 2445 592 2502 quocunque
602 2442 698 2481 natans
711 2425 864 2502 impellitur
878 2427 968 2484 auris:

259 2507 406 2564 Nimirum
421 2508 486 2582 quia
499 2507 560 2563 sunt
572 2507 603 2560 in
615 2526 685 2580 aqua
697 2506 835 2580 permulta
849 2510 963 2583 vaporis

259 2587 380 2655 Semina,
396 2588 430 2644 de
444 2602 569 2664 terraque
582 2583 716 2642 necesse'sl
731 2585 857 2643 funditus
871 2588 932 2663 ipsa

261 2669 340 2744 ignis
354 2688 473 2744 corpora
486 2687 537 2743 per
548 2680 640 2723 totum
653 2666 815 2742 consurgere
827 2666 946 2738 sontem,

262 2749 300 2803 Et
313 2749 393 2805 simul
402 2749 541 2824 exspirare
554 2747 638 2811 foras,
651 2748 782 2820 exireque
794 2747 825 2802 iu
838 2768 929 2816 auras,

259 2831 326 2888 Non
342 2845 395 2883 tam
409 2830 473 2884 viva
487 2842 588 2894 tamen,
605 2826 710 2883 calidus
723 2841 806 2900 queat
819 2843 850 2883 ut
863 2829 924 2886 fieri
938 2830 1011 2888 sons.

303 2910 446 2972 Praeterea,
462 2907 580 2982 dispersa
593 2905 666 2962 soras
680 2926 823 2981 erumpere
836 2909 911 2984 cogit

259 2989 315 3044 Vis
325 3008 375 3064 per
386 3006 486 3062 aquam
500 2985 601 3052 subito,
618 2986 778 3061 sursumque
791 3007 821 3042 ca
834 2991 996 3063 conciliari:

261 3069 349 3145 Quod
363 3085 448 3142 genus
460 3067 532 3123 endo
546 3068 616 3123 mari
631 3067 714 3142 spirat
727 3066 800 3133 sons,
815 3067 999 3146 dulcisaquai

262 3151 324 3225 Qui
338 3148 423 3214 scatit,
439 3164 465 3203 et
479 3147 554 3204 sallas
565 3148 673 3202 circum
688 3147 711 3201 se
723 3146 850 3204 dimovet
863 3152 964 3207 undas.

220 3236 233 3254 ⁸
261 3230 297 3283 Et
311 3228 406 3285 multis
419 3228 479 3284 aliis
489 3229 593 3304 prabet
605 3227 765 3303 regionibus
779 3247 873 3303 aequor

262 3309 420 3367 Utilitatem
430 3323 622 3384 opportunam
632 3300 781 3364 fitientibu'
794 3311 901 3377 nautis,

254 3391 345 3470 Quod
357 3389 465 3450 dulceis
473 3389 546 3448 inter
556 3387 635 3447 salsas
645 3387 807 3446 intervomit
820 3389 924 3449 undas.

1000 3475 1050 3530 Sin
