2359 3875
290 435 486 507 LIBER
526 432 831 533 QUARTUS.
899 456 962 526 ¹¹7

187 570 334 647 Corporeis
349 592 363 627 e
375 571 538 647 principiis3
555 589 586 629 ut
600 571 694 628 laedere
708 568 822 646 possint.

225 652 283 707 Nec
299 668 324 706 te
337 650 409 708 fallit
419 652 497 718 item,
506 651 575 725 quid
585 654 712 728 corporis
725 650 841 714 auferat,
854 643 962 722 etquid

182 729 314 787 Detrahat
327 751 361 787 ex
375 730 522 787 hominum
535 733 637 795 nervis,
653 751 683 787 ac
697 730 804 786 viribus
818 726 882 804 ipsis

181 810 332 884 Perpetuus
345 811 442 877 sermo,
459 812 551 887 nigrai
564 810 651 869 noslis
665 811 699 867 ad
711 811 850 874 umbram,

179 890 296 947 Aurorae
312 890 459 966 perduslns
472 894 506 947 ab
521 892 662 948 exoriente
675 891 782 954 nitore3

180 969 333 1026 Praescrtim
348 971 440 1027 ficum
455 968 594 1028 summo'st
605 973 724 1027 clamore
737 967 877 1045 profusus.

179 1050 253 1125 Ergo
266 1069 430 1126 corpoream
440 1069 537 1108 vocem
550 1052 672 1107 constare
685 1045 836 1113 necelse'll3

178 1129 269 1185 Multa
283 1131 399 1204 loquens
410 1131 542 1205 quoniam
555 1132 658 1186 amittit
670 1132 704 1187 de
714 1148 831 1204 corpore
844 1140 961 1203 partem·

220 1210 369 1285 Asperitas
381 1226 470 1266 autern
485 1213 562 1267 vocis
576 1212 607 1267 fit
620 1212 655 1268 ab
668 1211 814 1286 asperitate

179 1289 409 1365 Principiorum3
432 1306 457 1345 et
471 1291 538 1347 item
552 1294 637 1348 laevor
649 1292 748 1347 laevore
761 1301 881 1345 creatur.

177 1370 237 1445 Nec
252 1369 336 1425 fimili
354 1385 498 1445 penetrant
512 1372 601 1428 aureis
615 1369 768 1448 primordia
782 1368 881 1431 forma,

180 1451 279 1525 Quom
296 1451 361 1506 tuba
370 1451 494 1526 depresso
508 1452 627 1529 graviter
636 1452 686 1506 sub
699 1465 842 1506 murmure
855 1447 961 1525 mugile

178 1530 242 1585 Aut
256 1530 372 1586 reboant
386 1550 499 1587 raucum
514 1532 642 1588 retrocita
655 1550 757 1588 cornua
770 1528 921 1594 bombum

179 1608 314 1665 Vallibus
323 1625 350 1666 et
362 1612 443 1689 cycni
458 1612 554 1687 gelidis
568 1613 625 1669 orti
637 1632 670 1667 ex
685 1608 829 1667 Heliconis

181 1690 256 1745 Cum
271 1689 411 1766 liquidam
422 1693 525 1750 tollunt
537 1692 652 1768 lugubri
665 1711 731 1750 voce
745 1689 897 1766 querelam.

177 1768 266 1825 Hasce
280 1768 369 1845 igitur
381 1772 495 1847 penitus
508 1792 587 1829 voces
600 1792 663 1828 curu
676 1790 794 1847 corpore
808 1766 902 1827 nostro

176 1849 387 1924 Exprimimus,
403 1850 530 1925 rcdloque
543 1852 615 1908 foras
629 1852 781 1908 emittimus
794 1867 853 1914 ore,

175 1927 293 1987 Mobilis
307 1929 434 1986 articulat
445 1933 597 1988 verborum
610 1931 713 1989 daedala
726 1931 838 2005 linguae

175 2011 396 2086 Formaturaque
409 2011 552 2069 labrorum
565 2031 619 2088 pro
629 2028 706 2086 parte
720 2011 834 2086 figurat.
890 2024 894 2030 ’

176 2090 275 2165 Atque
288 2089 339 2145 ubi
351 2109 410 2146 non
430 2091 549 2166 longum
562 2089 727 2165 spatiumst,
751 2087 826 2142 unde
838 2084 887 2142 illa
899 2101 965 2162 pro-

264 2169 332 2226 sesla

177 2250 327 2309 Perveniat
348 2268 404 2306 vox
429 2268 564 2328 quaque3
588 2244 725 2307 uecelse'll
750 2246 835 2306 verba
854 2263 965 2324 quoque

262 2329 319 2406 ipsa

182 2413 270 2469 Plane
283 2409 427 2476 exaudiri3
441 2409 616 2488 discernique
629 2409 811 2468 articulatim:

177 2493 279 2550 Servat·
287 2489 364 2568 enim
373 2490 566 2558 formaturam,
582 2491 724 2564 servatque
738 2492 867 2566 figuram.

178 2573 221 2628 At
234 2571 252 2626 fi
266 2570 459 2646 iuterpofitum
470 2571 588 2646 spatium
604 2572 635 2626 fit
649 2570 761 2644 longius
775 2587 870 2643 aequo:

177 2651 254 2729 Aera
267 2670 318 2727 per
329 2651 451 2707 multum
465 2650 599 2707 confundi
613 2650 697 2705 verba
712 2644 865 2711 necesse'sl3

181 2732 218 2786 Et
232 2730 391 2788 conturbari
401 2749 508 2797 vocem,
522 2730 593 2788 dum
608 2729 757 2786 transvolat
769 2745 861 2784 auras.

181 2812 258 2887 Ergo
273 2812 315 2877 fit,
330 2811 453 2867 sonitum
465 2825 496 2866 ut
509 2811 590 2887 pollis
604 2810 712 2876 audire,
728 2827 817 2884 neque
829 2805 923 2862 hilum

181 2890 369 2950 Intemoscere
382 2891 533 2947 verborum
547 2891 680 2947 sententia
692 2909 752 2964 quae
764 2889 811 2943 lit:

181 2971 345 3047 Usqueadco
357 2969 470 3028 confusa
483 2971 561 3028 venit
571 2991 639 3037 vox,
654 2971 739 3045 inque
751 2968 855 3044 pedita.

225 3055 369 3119 Praeterea,
386 3050 514 3106 Edislum
529 3050 598 3127 srepe
612 3071 701 3108 unum
716 3049 820 3125 perciet
833 3047 924 3105 aureis

182 3131 327 3189 Omnibus
339 3133 369 3188 in
384 3132 504 3206 popule,
522 3131 650 3188 emissum
663 3128 797 3206 preconis
809 3130 843 3185 ab
856 3147 921 3184 ore:

183 3212 218 3271 Iu
233 3214 333 3269 multas
344 3210 431 3287 igitur
444 3231 524 3267 voces
537 3231 594 3268 vox
605 3231 659 3268 uua
670 3224 781 3284 repente

182 3290 321 3368 Diffugit3
341 3294 371 3348 iu
386 3290 479 3366 privas
493 3293 628 3366 quoniam
640 3291 664 3346 se
677 3287 782 3344 dividit
794 3288 899 3352 aureis,

186 3369 342 3450 Obliguans
352 3369 468 3428 sormam
483 3371 586 3439 verbis,
604 3374 763 3445 clarumque
777 3369 917 3426 sonorem.

920 3441 977 3508 bt,
