2359 3875
332 389 540 464 LIBER
575 389 847 463 PRIMUS.
953 411 972 476 5

196 521 338 582 Nobisest
348 525 437 590 ratior
454 525 528 582 Solis
543 523 684 597 Lunaeque
697 537 801 578 meatus

195 607 265 680 Qua
279 605 347 661 fiant
356 607 478 670 rationu
496 620 523 662 et
532 625 587 680 qua
599 604 628 659 vi
641 623 757 679 queque
767 615 905 678 genantur

196 685 234 740 In
248 686 346 741 terris:
365 703 435 752 tum,
450 707 516 742 cum
529 684 643 761 primis,
656 685 763 739 ratione
776 681 862 758 sagaci

196 763 283 822 Unde
298 765 417 834 Anima,
433 781 515 840 atque
527 763 629 822 Animi
640 762 740 820 eousset
757 777 867 829 natura,
886 759 983 818 viden·

281 845 369 912 dum3

198 925 236 981 Et
249 945 312 1000 quae
326 945 367 983 res
380 925 461 982 nobis
475 924 659 1000 vigilantibus
672 924 755 982 obvia
771 925 885 980 menteis

193 1005 355 1072 Terrificet,
369 1007 469 1063 morbo
484 1005 599 1072 aifessir,
615 1006 767 1080 somnoque
782 1005 912 1081 sepultis:

195 1087 320 1142 Cernere
333 1087 374 1144 uti
389 1087 537 1143 videamur
548 1106 606 1151 eos,
621 1086 771 1158 audireque
785 1105 890 1150 corani,

196 1167 293 1222 Morte
305 1167 383 1223 obita
395 1187 518 1241 quorum
533 1169 614 1224 telius
626 1167 800 1242 arnplen'titur
812 1165 880 1222 offa.

241 1248 301 1302 Nec
310 1267 355 1302 me
364 1246 452 1302 animi
464 1246 545 1312 fallit,
557 1248 605 1304 Gn
614 1267 631 1303 n
641 1267 745 1304 ronuu
758 1245 987 1319 obscurarcperta

197 1325 322 1384 Difficile
337 1327 445 1384 illustra
459 1347 488 1382 re
502 1328 649 1385 Lnrrnrs
675 1327 794 1382 versibus
806 1325 867 1391 effe,

200 1405 305 1476 (Multa
318 1408 402 1464 novis
416 1409 508 1464 verbis
523 1408 674 1484 presertim
688 1428 752 1463 curn
768 1407 797 1462 sit
811 1405 973 1482 agendum,)

196 1487 317 1563 Propter
329 1487 473 1564 egestatem
486 1489 601 1564 linguae,
616 1505 643 1544 et
659 1507 750 1544 reruni
764 1489 935 1544 novitatem:

198 1568 252 1624 Sed
268 1583 315 1624 tua
330 1589 374 1624 me
388 1569 489 1632 Virtus
504 1585 607 1635 tamen,
623 1582 648 1624 et
662 1568 763 1644 sperata
778 1571 907 1644 voluptas

199 1647 296 1704 Suavis
309 1649 466 1714 Arnicitiae‚
488 1651 618 1724 quemvis
633 1648 750 1724 perferre
765 1651 887 1705 laborent

201 1728 316 1793 Suadet,
332 1746 358 1784 et
372 1729 482 1786 inducit
495 1729 597 1785 notleis
617 1729 732 1804 vigilare
746 1729 860 1797 serenas,

202 1810 384 1884 Qnaerentem
399 1809 478 1866 dietis
490 1811 604 1886 quibus,
620 1826 646 1864 et
659 1829 716 1882 quo
730 1813 852 1866 carmine
865 1811 980 1868 demum

201 1889 285 1945 Clara
299 1904 351 1945 ture
367 1890 465 1965 pollini
478 1891 657 1967 praepandere
670 1891 776 1948 luminu
790 1892 890 1958 menti,

203 1971 259 2026 Res
272 1971 375 2043 quibus
387 1974 508 2027 occultat
515 1973 632 2047 penitus
647 1971 785 2027 convisere
800 1973 893 2047 pollis.

248 2048 997 2127 Huncigitnrterruremanirni,terrc¹i›rnlqucueceffe'st

205 2130 273 2185 Non
288 2131 358 2187 radii
372 2131 445 2198 solis,
458 2152 546 2206 neque
561 2133 652 2187 lucida
667 2134 717 2188 teia
731 2132 785 2186 diei

204 2210 370 2278 Discutiunt,
388 2212 429 2268 sed
444 2230 549 2268 nature
563 2213 673 2288 species,
689 2214 832 2286 ratioque:
915 2282 918 2289 Ι

167 2338 171 2345 .
205 2291 383 2367 Principium
396 2292 463 2349 hinc
477 2295 555 2370 cujus
569 2295 651 2349 nobis
665 2294 779 2349 exordia
795 2296 893 2358 inuret,

208 2372 353 2429 Nuuuuu
385 2395 449 2430 nun
480 2396 495 2430 r
525 2394 648 2429 urrrruu
682 2394 779 2431 uiuri
805 2396 987 2435 nivrurrus

293 2474 450 2525 uuqunn.

205 2531 327 2610 Quippe
340 2534 378 2589 ita
393 2532 515 2592 formido
524 2537 665 2593 mortaleis
679 2536 801 2593 continet
814 2537 932 2603 omneis,

207 2612 295 2689 Quod
309 2615 398 2671 multa
411 2614 440 2669 in
453 2617 529 2671 tertis
543 2617 615 2681 fieri,
632 2620 755 2691 coeloque
770 2632 892 2681 tuentur,

204 2694 340 2769 Quorum
353 2712 471 2769 operum
484 2696 575 2751 causas
586 2700 663 2753 nulla
675 2700 779 2753 rarione
792 2696 887 2751 videre

205 2771 333 2839 Possunt,
348 2794 379 2830 ac
399 2776 457 2831 lieri
471 2777 571 2831 divino
582 2780 699 2833 nurnine
716 2794 822 2833 rentur.

208 2854 287 2927 Quas
299 2855 336 2911 ob
354 2874 406 2919 rer,
422 2857 472 2912 ubi
486 2856 649 2923 viderimus,
666 2860 707 2913 nil
722 2858 796 2933 poise
809 2858 894 2913 creari

207 2933 250 2989 De
262 2932 368 2991 nihilo:
386 2952 459 3001 turn,
474 2937 551 3011 quod
565 2938 717 3011 sequimur,
725 2941 785 3013 jzun
800 2940 899 2995 rettius
913 2940 978 2998 inde

209 3012 424 3089 Perspiciemu53
441 3033 467 3071 et
478 3018 551 3072 uude
563 3034 646 3091 queat
659 3040 700 3074 res
713 3040 751 3092 qn
760 3039 827 3093 eque
839 3020 935 3088 creari,

208 3094 244 3148 Et
256 3112 312 3167 quo
327 3114 442 3170 quaeque
454 3096 537 3152 modo
551 3098 621 3153 fiant
634 3118 717 3175 opem
733 3100 786 3153 tine
799 3099 909 3156 divum.

174 3180 180 3187 '
251 3174 327 3229 Nam
341 3175 358 3230 fi
371 3176 405 3232 de
418 3174 507 3233 nihilo
521 3178 627 3247 tierent,
642 3198 674 3233 ex
688 3180 816 3233 omuibus
830 3181 910 3237 rebus

209 3250 306 3310 Omne
319 3274 405 3330 genus
418 3256 488 3312 nasci
503 3257 601 3332 poffeq
619 3258 660 3313 nil
674 3258 774 3312 terniue
787 3274 891 3333 egeret:

210 3333 317 3391 Emere
330 3334 456 3413 primum
468 3335 608 3403 homines,
622 3359 637 3393 e
650 3353 718 3393 terra
732 3337 818 3414 pulset
832 3339 901 3396 oriri

583 3419 641 3500 A3
877 3420 1000 3497 Squum·
