2359 3875
280 391 485 464 LIBER
525 389 833 491 QUARTUS.
918 420 978 486 13¹

204 520 294 580 Totius
306 521 456 580 humorem
469 522 607 592 saccatum
620 537 652 579 ut
663 522 785 600 corpori'
796 524 934 582 fundant:

205 603 271 659 Cum
286 602 460 680 Babylonica
472 602 624 679 magnifico
637 603 782 680 splendore
792 606 933 680 rigantur.

202 682 281 751 Tum,
297 684 402 757 quibus
414 683 500 738 aetatis
513 683 581 739 freta
594 684 726 758 primitus
739 684 925 752 inlinuantur,

201 764 292 819 Semen
307 764 358 820 ubi
371 762 432 838 ipsa
445 762 503 820 diet
517 763 649 819 membris
662 781 770 821 matura
783 764 886 821 creavit
897 788 905 829 ς

200 844 378 900 Conveniunt
392 843 535 899 fimulacra
547 841 615 899 foris
628 863 643 899 e
657 863 772 919 corpore
785 863 907 919 quoque,

198 925 302 980 Nuntia
313 922 442 999 praeclari
453 926 557 989 voltus,
575 919 743 999 pulchrique
756 925 873 989 coloris;

199 1005 254 1079 Qui
268 1006 323 1060 ciet
337 1003 454 1060 inritans
468 1002 529 1059 loca
543 1003 652 1079 turgida
667 1004 766 1062 semine
780 1006 881 1070 multo,

199 1084 246 1150 Ut,
262 1084 338 1159 quali
351 1080 488 1139 transadis
501 1081 570 1159 saepe
579 1079 708 1141 omnibn'
719 1081 798 1141 rebu'
810 1082 983 1160 profundant

196 1165 335 1220 Fluminis
348 1162 485 1239 ingenteis
497 1162 607 1230 lindius,
622 1163 776 1239 vellemque
789 1180 944 1222 cruentent.

234 1242 405 1302 Sollicitatur
417 1242 447 1300 id
460 1243 490 1298 in
500 1243 594 1311 nobis,
609 1245 685 1320 quod
698 1245 824 1303 diximus
833 1260 907 1310 ante,

196 1325 308 1390 semem
333 1322 430 1380 adulta
442 1339 504 1379 ntes
517 1343 581 1380 cum
593 1326 719 1401 primum
733 1327 847 1382 roborat
858 1339 945 1382 artur.

196 1407 322 1479 Namque
336 1406 403 1462 alias
416 1402 495 1462 aliud
509 1423 552 1459 res
565 1421 733 1472 commovet,
748 1421 829 1479 atque
841 1402 958 1461 laceffit:

196 1486 237 1542 Ex
250 1484 370 1541 homine
382 1482 539 1546 humanum
552 1485 640 1542 semen
657 1486 711 1541 ciet
723 1505 779 1542 una
789 1483 911 1541 hominio
921 1484 976 1543 vit·

196 1565 283 1642 Quod
297 1565 459 1640 limuletque
472 1564 527 1621 suis
539 1565 655 1642 ejedlnm
669 1566 775 1622 sedibus
788 1565 855 1631 exit,

195 1646 246 1701 Per
258 1647 392 1710 membra,
405 1662 485 1718 atque
498 1660 572 1702 artus
585 1645 693 1702 decedit
701 1665 819 1723 corpore
830 1660 888 1702 toto

197 1726 228 1782 In
242 1727 305 1790 loca
317 1726 484 1782 conveniens
495 1745 647 1783 nervorum
660 1742 743 1791 certa,
758 1728 878 1801 cietque·

195 1806 342 1862 Continuo
355 1805 456 1881 parteis
471 1806 613 1881 genitaleis
623 1807 748 1882 corporis
761 1806 849 1883 ipsas:

196 1887 314 1947 Inritata
328 1900 437 1943 tument
449 1888 508 1943 loca
518 1886 633 1953 lemine,
649 1889 734 1962 litque
746 1889 875 1945 voluntas

196 1968 300 2045 Ejicere
310 1967 352 2034 id,
367 1987 426 2040 quo
439 1966 463 2023 se
476 1968 621 2024 contendit
632 1969 692 2024 dira
704 1968 790 2026 libido
801 1991 809 2033 3
864 2020 866 2025 .

194 2048 290 2122 quue,
297 2048 369 2125 petit
377 2066 479 2124 corpus
487 2067 578 2114 mens,
594 2045 699 2117 undesll
712 2049 802 2106 saucia
813 2067 922 2105 amore:

194 2129 860 2204 Namqueomnesplernrnquecaduntinvolnus,
869 2129 979 2188 etillam

195 2209 301 2265 Emicat
314 2208 346 2264 in
361 2223 466 2283 partem
481 2208 604 2285 languis,
616 2209 691 2266 unde
703 2208 806 2266 icimur
813 2207 880 2277 itin,
967 2278 971 2286 ⁵

195 2290 229 2344 Et
243 2289 261 2344 li
274 2289 435 2363 cornminus
444 2287 492 2356 cll,
508 2287 613 2347 hollem
626 2290 710 2345 ruber
719 2304 837 2365 occupat
849 2289 964 2350 humor.

236 2368 282 2431 Sic
291 2368 391 2444 igitur,
406 2370 516 2425 veneris
525 2371 575 2444 qui
587 2370 647 2424 telis
657 2370 866 2445 accipinutur,

194 2449 257 2505 Sive
271 2468 346 2525 puer¹
353 2450 488 2506 membris
499 2449 683 2507 muliebribus
693 2447 769 2506 hunc
774 2451 924 2527 jaculatur,

195 2530 248 2587 Seu
260 2528 362 2593 mulier
372 2542 433 2585 toto
440 2527 543 2613 jadlans
556 2549 570 2585 e
581 2547 699 2604 corpore
707 2549 842 2597 amorem,

195 2609 279 2666 Unde
292 2608 402 2675 feritur,
413 2628 446 2664 eo
457 2609 557 2676 tendit,
571 2609 704 2685 gestitque
717 2609 802 2676 coire,

195 2689 231 2744 Et
238 2690 332 2765 jacere
345 2687 494 2745 humorem
503 2689 534 2745 in
546 2708 650 2764 corpus
662 2688 696 2744 de
707 2707 824 2763 corpore
836 2688 967 2749 dudumr

195 2769 324 2844 Namque
336 2770 510 2845 voluptatem
521 2769 647 2845 praelagit
660 2770 751 2826 multa
764 2770 883 2845 cupido.

194 2849 260 2906 Haec
275 2848 373 2912 Venus
382 2848 418 2907 est
427 2849 521 2916 nobis,
532 2848 600 2905 hinc
610 2845 734 2905 autem'st
747 2869 851 2908 nomeu
862 2852 976 2910 amoris:

195 2929 271 2986 Hinc
284 2928 340 2986 illae
353 2928 483 3005 primum
496 2929 616 2986 Veneris
628 2928 787 2989 dulcedinis
796 2930 827 2988 in
836 2952 885 2990 cor

195 3009 315 3067 Stillavit
329 3024 418 3086 gutta,
437 3024 464 3064 et
477 3008 599 3066 succeffit
611 3008 717 3067 fervida
731 3031 809 3068 cura.

195 3090 294 3146 Namfi
303 3088 374 3147 abeli
381 3088 456 3166 quod
467 3110 551 3156 amer,
559 3087 657 3165 praello
667 3090 809 3156 {imolacra
819 3108 909 3152 tamen
918 3094 981 3165 sunt

197 3169 288 3235 Illius,
305 3186 331 3226 et
344 3190 448 3228 nomen
461 3170 541 3227 dulce
556 3169 715 3227 obversatur
727 3170 762 3226 ad
775 3174 876 3231 aureis.

237 3250 292 3308 Sed
306 3249 424 3327 fugitare
436 3249 514 3309 decet
524 3249 676 3316 fimulacm,
689 3263 716 3304 et
731 3251 833 3325 pabula
844 3256 950 3313 amoris

196 3328 358 3389 Absterrere
371 3331 431 3400 fibi,
443 3345 524 3407 atque
538 3329 595 3389 alio
609 3343 763 3389 convertere
776 3348 910 3404 mentem,
944 3362 975 3469 E·

970 3426 982 3470 Β
