<?xml version="1.0" encoding="UTF-8"?>
<!DOCTYPE html PUBLIC "-//W3C//DTD XHTML 1.0 Transitional//EN"
    "http://www.w3.org/TR/xhtml1/DTD/xhtml1-transitional.dtd">
<html xmlns="http://www.w3.org/1999/xhtml" xml:lang="en" lang="en">
 <head>
  <title>
</title>
<meta http-equiv="Content-Type" content="text/html;charset=utf-8" />
  <meta name='ocr-system' content='tesseract 3.04.00' />
  <meta name='ocr-capabilities' content='ocr_page ocr_carea ocr_par ocr_line ocrx_word'/>
</head>
<body>
  <div class='ocr_page' id='page_1' title='image "./titilucretiicar03carugoog_0046.png"; bbox 0 0 2359 3875; ppageno 0'>
   <div class='ocr_carea' id='block_1_1' title="bbox 166 420 826 516">
    <p class='ocr_par' dir='ltr' id='par_1_1' title="bbox 166 420 826 516">
     <span class='ocr_line' id='line_1_1' title="bbox 166 420 826 516; baseline -0.005 -21"><span class='ocrx_word' id='word_1_1' title='bbox 166 445 243 516; x_wconf 65' lang='lat'>,4⁰</span> <span class='ocrx_word' id='word_1_2' title='bbox 328 420 826 509; x_wconf 78' lang='lat' dir='ltr'>r.ruannrrr</span> 
     </span>
    </p>
   </div>
   <div class='ocr_carea' id='block_1_2' title="bbox 161 550 939 875">
    <p class='ocr_par' dir='ltr' id='par_1_2' title="bbox 199 550 844 633">
     <span class='ocr_line' id='line_1_2' title="bbox 199 550 844 633; baseline 0.002 -21"><span class='ocrx_word' id='word_1_3' title='bbox 199 556 252 612; x_wconf 86' lang='lat' dir='ltr'>Sed</span> <span class='ocrx_word' id='word_1_4' title='bbox 266 556 348 611; x_wconf 73' lang='lat' dir='ltr'>citius</span> <span class='ocrx_word' id='word_1_5' title='bbox 360 555 465 610; x_wconf 88' lang='lat' dir='ltr'>cedunt</span> <span class='ocrx_word' id='word_1_6' title='bbox 479 550 656 631; x_wconf 70' lang='lat' dir='ltr'>gravioribus</span> <span class='ocrx_word' id='word_1_7' title='bbox 669 556 844 633; x_wconf 85' lang='lat' dir='ltr'>exsuperata.</span> 
     </span>
    </p>

    <p class='ocr_par' dir='ltr' id='par_1_3' title="bbox 161 634 939 875">
     <span class='ocr_line' id='line_1_3' title="bbox 161 634 845 712; baseline 0.009 -25"><span class='ocrx_word' id='word_1_8' title='bbox 161 682 163 687; x_wconf 17' lang='grc' dir='ltr'><em>Α</em></span> <span class='ocrx_word' id='word_1_9' title='bbox 197 643 239 693; x_wconf 85' lang='lat' dir='ltr'>Ae</span> <span class='ocrx_word' id='word_1_10' title='bbox 253 651 347 691; x_wconf 87' lang='lat' dir='ltr'>contra</span> <span class='ocrx_word' id='word_1_11' title='bbox 357 636 428 691; x_wconf 87' lang='lat' dir='ltr'>nulli</span> <span class='ocrx_word' id='word_1_12' title='bbox 442 634 476 690; x_wconf 90' lang='lat' dir='ltr'>de</span> <span class='ocrx_word' id='word_1_13' title='bbox 485 638 563 691; x_wconf 88' lang='lat' dir='ltr'>nulla</span> <span class='ocrx_word' id='word_1_14' title='bbox 576 650 666 711; x_wconf 81' lang='lat' dir='ltr'>parte,</span> <span class='ocrx_word' id='word_1_15' title='bbox 681 656 771 712; x_wconf 88' lang='lat' dir='ltr'>neque</span> <span class='ocrx_word' id='word_1_16' title='bbox 785 638 845 693; x_wconf 88' lang='lat' dir='ltr'>ullo</span> 
     </span>
     <span class='ocr_line' id='line_1_4' title="bbox 197 715 905 791; baseline 0 -18"><span class='ocrx_word' id='word_1_17' title='bbox 197 718 348 791; x_wconf 79' lang='lat' dir='ltr'>Tempore,</span> <span class='ocrx_word' id='word_1_18' title='bbox 364 715 452 771; x_wconf 81' lang='lat' dir='ltr'>Inane</span> <span class='ocrx_word' id='word_1_19' title='bbox 466 715 551 790; x_wconf 84' lang='lat' dir='ltr'>potest</span> <span class='ocrx_word' id='word_1_20' title='bbox 563 736 682 773; x_wconf 82' lang='lat' dir='ltr'>vacuum</span> <span class='ocrx_word' id='word_1_21' title='bbox 692 716 827 774; x_wconf 81' lang='lat' dir='ltr'>subfiflere</span> <span class='ocrx_word' id='word_1_22' title='bbox 841 717 905 782; x_wconf 87' lang='lat' dir='ltr'>reii,</span> 
     </span>
     <span class='ocr_line' id='line_1_5' title="bbox 199 796 939 875; baseline 0.003 -25"><span class='ocrx_word' id='word_1_23' title='bbox 199 797 294 873; x_wconf 75' lang='lat' dir='ltr'>Quin,</span> <span class='ocrx_word' id='word_1_24' title='bbox 310 796 356 875; x_wconf 83' lang='lat' dir='ltr'>sua</span> <span class='ocrx_word' id='word_1_25' title='bbox 370 796 446 869; x_wconf 90' lang='lat' dir='ltr'>quod</span> <span class='ocrx_word' id='word_1_26' title='bbox 455 811 555 852; x_wconf 86' lang='lat' dir='ltr'>natura</span> <span class='ocrx_word' id='word_1_27' title='bbox 569 799 652 872; x_wconf 84' lang='lat' dir='ltr'>petit,</span> <span class='ocrx_word' id='word_1_28' title='bbox 667 796 817 853; x_wconf 80' lang='lat' dir='ltr'>concedere</span> <span class='ocrx_word' id='word_1_29' title='bbox 830 812 939 873; x_wconf 81' lang='lat' dir='ltr'>pergat.</span> 
     </span>
    </p>
   </div>
   <div class='ocr_carea' id='block_1_3' title="bbox 108 876 908 953">
    <p class='ocr_par' dir='ltr' id='par_1_4' title="bbox 108 876 908 953">
     <span class='ocr_line' id='line_1_6' title="bbox 108 876 908 953; baseline -0.003 -20"><span class='ocrx_word' id='word_1_30' title='bbox 108 885 112 891; x_wconf 87' lang='lat'>&#39;</span> <span class='ocrx_word' id='word_1_31' title='bbox 199 876 307 933; x_wconf 85' lang='lat' dir='ltr'>Omnia</span> <span class='ocrx_word' id='word_1_32' title='bbox 320 892 494 951; x_wconf 79' lang='lat' dir='ltr'>quapropter</span> <span class='ocrx_word' id='word_1_33' title='bbox 504 876 607 932; x_wconf 87' lang='lat' dir='ltr'>debent</span> <span class='ocrx_word' id='word_1_34' title='bbox 617 896 668 953; x_wconf 89' lang='lat' dir='ltr'>per</span> <span class='ocrx_word' id='word_1_35' title='bbox 682 878 768 933; x_wconf 88' lang='lat' dir='ltr'>Inane</span> <span class='ocrx_word' id='word_1_36' title='bbox 781 878 908 951; x_wconf 80' lang='lat' dir='ltr'>quietum</span> 
     </span>
    </p>
   </div>
   <div class='ocr_carea' id='block_1_4' title="bbox 145 956 996 3442">
    <p class='ocr_par' dir='ltr' id='par_1_5' title="bbox 145 956 996 3442">
     <span class='ocr_line' id='line_1_7' title="bbox 200 956 857 1031; baseline 0.003 -20"><span class='ocrx_word' id='word_1_37' title='bbox 200 958 287 1030; x_wconf 81' lang='lat' dir='ltr'>AEque</span> <span class='ocrx_word' id='word_1_38' title='bbox 301 956 472 1031; x_wconf 77' lang='lat' dir='ltr'>ponderibus</span> <span class='ocrx_word' id='word_1_39' title='bbox 484 975 541 1011; x_wconf 90' lang='lat' dir='ltr'>non</span> <span class='ocrx_word' id='word_1_40' title='bbox 555 958 642 1031; x_wconf 80' lang='lat' dir='ltr'>aequis</span> <span class='ocrx_word' id='word_1_41' title='bbox 656 958 764 1013; x_wconf 82' lang='lat' dir='ltr'>concita</span> <span class='ocrx_word' id='word_1_42' title='bbox 778 957 857 1013; x_wconf 81' lang='lat' dir='ltr'>ferri.</span> 
     </span>
     <span class='ocr_line' id='line_1_8' title="bbox 199 1036 966 1113; baseline 0.003 -23"><span class='ocrx_word' id='word_1_43' title='bbox 199 1036 283 1092; x_wconf 86' lang='lat' dir='ltr'>Haud</span> <span class='ocrx_word' id='word_1_44' title='bbox 297 1037 385 1111; x_wconf 81' lang='lat' dir='ltr'>igitur</span> <span class='ocrx_word' id='word_1_45' title='bbox 395 1051 528 1113; x_wconf 81' lang='lat' dir='ltr'>poterunt</span> <span class='ocrx_word' id='word_1_46' title='bbox 540 1037 692 1093; x_wconf 88' lang='lat' dir='ltr'>levioribus</span> <span class='ocrx_word' id='word_1_47' title='bbox 702 1038 826 1094; x_wconf 87' lang='lat' dir='ltr'>incidere</span> <span class='ocrx_word' id='word_1_48' title='bbox 840 1050 966 1113; x_wconf 80' lang='lat' dir='ltr'>unquam</span> 
     </span>
     <span class='ocr_line' id='line_1_9' title="bbox 199 1116 942 1194; baseline 0.001 -23"><span class='ocrx_word' id='word_1_49' title='bbox 199 1118 245 1172; x_wconf 86' lang='lat' dir='ltr'>Ex</span> <span class='ocrx_word' id='word_1_50' title='bbox 258 1116 357 1192; x_wconf 90' lang='lat' dir='ltr'>supero</span> <span class='ocrx_word' id='word_1_51' title='bbox 371 1116 512 1192; x_wconf 69' lang='lat' dir='ltr'>graviorne</span> <span class='ocrx_word' id='word_1_52' title='bbox 530 1136 619 1191; x_wconf 90' lang='lat' dir='ltr'>neque</span> <span class='ocrx_word' id='word_1_53' title='bbox 634 1117 702 1173; x_wconf 72' lang='lat' dir='ltr'>isius</span> <span class='ocrx_word' id='word_1_54' title='bbox 716 1118 828 1193; x_wconf 84' lang='lat' dir='ltr'>gignere</span> <span class='ocrx_word' id='word_1_55' title='bbox 842 1118 942 1194; x_wconf 86' lang='lat' dir='ltr'>perse,</span> 
     </span>
     <span class='ocr_line' id='line_1_10' title="bbox 201 1196 921 1274; baseline 0.007 -26"><span class='ocrx_word' id='word_1_56' title='bbox 201 1197 262 1274; x_wconf 67' lang='lat' dir='ltr'>Qui</span> <span class='ocrx_word' id='word_1_57' title='bbox 277 1196 383 1254; x_wconf 83' lang='lat' dir='ltr'>varient</span> <span class='ocrx_word' id='word_1_58' title='bbox 397 1212 500 1262; x_wconf 82' lang='lat' dir='ltr'>motus,</span> <span class='ocrx_word' id='word_1_59' title='bbox 516 1218 568 1273; x_wconf 89' lang='lat' dir='ltr'>per</span> <span class='ocrx_word' id='word_1_60' title='bbox 580 1217 651 1272; x_wconf 80' lang='lat' dir='ltr'>quos</span> <span class='ocrx_word' id='word_1_61' title='bbox 664 1213 760 1254; x_wconf 85' lang='lat' dir='ltr'>natura</span> <span class='ocrx_word' id='word_1_62' title='bbox 774 1213 921 1274; x_wconf 79' lang='lat' dir='ltr'>gemeres.</span> 
     </span>
     <span class='ocr_line' id='line_1_11' title="bbox 244 1271 990 1353; baseline 0 -21"><span class='ocrx_word' id='word_1_63' title='bbox 244 1278 604 1353; x_wconf 76' lang='lat' dir='ltr'>Quareetiamatqueetiam</span> <span class='ocrx_word' id='word_1_64' title='bbox 610 1271 990 1353; x_wconf 79' lang='lat' dir='ltr'>paullumclinareneceffe&#39;si</span> 
     </span>
     <span class='ocr_line' id='line_1_12' title="bbox 202 1358 989 1435; baseline 0.001 -22"><span class='ocrx_word' id='word_1_65' title='bbox 202 1358 344 1434; x_wconf 77' lang='lat' dir='ltr'>Corpora,</span> <span class='ocrx_word' id='word_1_66' title='bbox 353 1358 732 1433; x_wconf 81' lang='lat' dir='ltr'>necplusquamminimum:</span> <span class='ocrx_word' id='word_1_67' title='bbox 742 1359 989 1435; x_wconf 75' lang='lat' dir='ltr'>nefingeremntue</span> 
     </span>
     <span class='ocr_line' id='line_1_13' title="bbox 201 1437 834 1513; baseline 0 -19"><span class='ocrx_word' id='word_1_68' title='bbox 201 1437 323 1513; x_wconf 90' lang='lat' dir='ltr'>Oliquos</span> <span class='ocrx_word' id='word_1_69' title='bbox 338 1438 494 1503; x_wconf 83' lang='lat' dir='ltr'>videamur,</span> <span class='ocrx_word' id='word_1_70' title='bbox 509 1453 536 1493; x_wconf 89' lang='lat' dir='ltr'>et</span> <span class='ocrx_word' id='word_1_71' title='bbox 548 1437 577 1493; x_wconf 91' lang='lat' dir='ltr'>id</span> <span class='ocrx_word' id='word_1_72' title='bbox 591 1457 634 1493; x_wconf 86' lang='lat' dir='ltr'>res</span> <span class='ocrx_word' id='word_1_73' title='bbox 645 1458 710 1494; x_wconf 81' lang='lat' dir='ltr'>vera</span> <span class='ocrx_word' id='word_1_74' title='bbox 725 1437 834 1495; x_wconf 77' lang='lat' dir='ltr'>refutet.</span> 
     </span>
     <span class='ocr_line' id='line_1_14' title="bbox 187 1516 987 1595; baseline 0.003 -22"><span class='ocrx_word' id='word_1_75' title='bbox 187 1519 328 1592; x_wconf 20' lang='lat' dir='ltr'>‘Namque</span> <span class='ocrx_word' id='word_1_76' title='bbox 337 1516 390 1573; x_wconf 90' lang='lat' dir='ltr'>hoc</span> <span class='ocrx_word' id='word_1_77' title='bbox 401 1518 433 1573; x_wconf 87' lang='lat' dir='ltr'>in</span> <span class='ocrx_word' id='word_1_78' title='bbox 443 1532 591 1594; x_wconf 87' lang='lat' dir='ltr'>promptu,</span> <span class='ocrx_word' id='word_1_79' title='bbox 603 1516 834 1595; x_wconf 77' lang='lat' dir='ltr'>manifestumque</span> <span class='ocrx_word' id='word_1_80' title='bbox 843 1516 894 1577; x_wconf 80' lang='lat' dir='ltr'>esse</span> <span class='ocrx_word' id='word_1_81' title='bbox 905 1517 987 1576; x_wconf 81' lang='lat' dir='ltr'>vide·</span> 
     </span>
     <span class='ocr_line' id='line_1_15' title="bbox 283 1617 361 1663; baseline 0 -10"><span class='ocrx_word' id='word_1_82' title='bbox 283 1617 361 1663; x_wconf 70' lang='lat' dir='ltr'>mne,</span> 
     </span>
     <span class='ocr_line' id='line_1_16' title="bbox 200 1672 986 1757; baseline 0 -22"><span class='ocrx_word' id='word_1_83' title='bbox 200 1678 339 1743; x_wconf 72' lang='lat' dir='ltr'>Pondere,</span> <span class='ocrx_word' id='word_1_84' title='bbox 351 1691 487 1752; x_wconf 80' lang='lat' dir='ltr'>qnantum</span> <span class='ocrx_word' id='word_1_85' title='bbox 496 1672 671 1743; x_wconf 69' lang='lat' dir='ltr'>iuse&#39;simon</span> <span class='ocrx_word' id='word_1_86' title='bbox 678 1677 753 1757; x_wconf 81' lang='lat' dir='ltr'>posse</span> <span class='ocrx_word' id='word_1_87' title='bbox 762 1678 877 1755; x_wconf 87' lang='lat' dir='ltr'>obliqua</span> <span class='ocrx_word' id='word_1_88' title='bbox 884 1698 986 1746; x_wconf 85' lang='lat' dir='ltr'>meare,</span> 
     </span>
     <span class='ocr_line' id='line_1_17' title="bbox 201 1757 955 1837; baseline 0.004 -24"><span class='ocrx_word' id='word_1_89' title='bbox 201 1760 245 1814; x_wconf 85' lang='lat' dir='ltr'>Ex</span> <span class='ocrx_word' id='word_1_90' title='bbox 255 1758 353 1833; x_wconf 88' lang='lat' dir='ltr'>supero</span> <span class='ocrx_word' id='word_1_91' title='bbox 363 1776 426 1813; x_wconf 87' lang='lat' dir='ltr'>cum</span> <span class='ocrx_word' id='word_1_92' title='bbox 439 1757 631 1835; x_wconf 77' lang='lat' dir='ltr'>praecipitant:</span> <span class='ocrx_word' id='word_1_93' title='bbox 647 1761 726 1835; x_wconf 93' lang='lat' dir='ltr'>quod</span> <span class='ocrx_word' id='word_1_94' title='bbox 739 1780 849 1817; x_wconf 91' lang='lat' dir='ltr'>cernere</span> <span class='ocrx_word' id='word_1_95' title='bbox 862 1757 955 1837; x_wconf 80' lang='lat' dir='ltr'>poffir.</span> 
     </span>
     <span class='ocr_line' id='line_1_18' title="bbox 202 1837 753 1915; baseline 0.002 -19"><span class='ocrx_word' id='word_1_96' title='bbox 202 1839 253 1896; x_wconf 85' lang='lat' dir='ltr'>Sed</span> <span class='ocrx_word' id='word_1_97' title='bbox 267 1837 339 1897; x_wconf 91' lang='lat' dir='ltr'>nihil</span> <span class='ocrx_word' id='word_1_98' title='bbox 353 1838 475 1895; x_wconf 82' lang='lat' dir='ltr'>omnino</span> <span class='ocrx_word' id='word_1_99' title='bbox 489 1838 559 1894; x_wconf 75' lang='lat' dir='ltr'>resia</span> <span class='ocrx_word' id='word_1_100' title='bbox 569 1841 682 1915; x_wconf 83' lang='lat' dir='ltr'>regione</span> <span class='ocrx_word' id='word_1_101' title='bbox 698 1842 753 1897; x_wconf 88' lang='lat' dir='ltr'>viai</span> 
     </span>
     <span class='ocr_line' id='line_1_19' title="bbox 200 1918 876 1996; baseline 0.003 -20"><span class='ocrx_word' id='word_1_102' title='bbox 200 1919 358 1986; x_wconf 88' lang='lat' dir='ltr'>Declinare,</span> <span class='ocrx_word' id='word_1_103' title='bbox 373 1918 437 1994; x_wconf 80' lang='lat' dir='ltr'>quie</span> <span class='ocrx_word' id='word_1_104' title='bbox 446 1918 494 1987; x_wconf 84' lang='lat' dir='ltr'>est,</span> <span class='ocrx_word' id='word_1_105' title='bbox 509 1918 558 1995; x_wconf 85' lang='lat' dir='ltr'>qui</span> <span class='ocrx_word' id='word_1_106' title='bbox 567 1920 655 1996; x_wconf 84' lang='lat' dir='ltr'>poffit</span> <span class='ocrx_word' id='word_1_107' title='bbox 666 1941 788 1988; x_wconf 87' lang='lat' dir='ltr'>cernere,</span> <span class='ocrx_word' id='word_1_108' title='bbox 800 1918 876 1978; x_wconf 86' lang='lat' dir='ltr'>sese?</span> 
     </span>
     <span class='ocr_line' id='line_1_20' title="bbox 244 1999 929 2077; baseline 0.003 -21"><span class='ocrx_word' id='word_1_109' title='bbox 244 2001 374 2077; x_wconf 87' lang='lat' dir='ltr'>Denique</span> <span class='ocrx_word' id='word_1_110' title='bbox 386 2001 405 2056; x_wconf 85' lang='lat' dir='ltr'>si</span> <span class='ocrx_word' id='word_1_111' title='bbox 418 1999 525 2076; x_wconf 87' lang='lat' dir='ltr'>semper</span> <span class='ocrx_word' id='word_1_112' title='bbox 535 2017 628 2056; x_wconf 81' lang='lat' dir='ltr'>motus</span> <span class='ocrx_word' id='word_1_113' title='bbox 641 2000 813 2058; x_wconf 74' lang='lat' dir='ltr'>conneditur</span> <span class='ocrx_word' id='word_1_114' title='bbox 825 2000 929 2068; x_wconf 79' lang='lat' dir='ltr'>omnia,</span> 
     </span>
     <span class='ocr_line' id='line_1_21' title="bbox 201 2080 920 2155; baseline 0.003 -19"><span class='ocrx_word' id='word_1_115' title='bbox 201 2081 239 2136; x_wconf 84' lang='lat' dir='ltr'>Et</span> <span class='ocrx_word' id='word_1_116' title='bbox 250 2095 341 2139; x_wconf 86' lang='lat' dir='ltr'>vetere</span> <span class='ocrx_word' id='word_1_117' title='bbox 349 2080 476 2137; x_wconf 78' lang='lat' dir='ltr'>exoritur</span> <span class='ocrx_word' id='word_1_118' title='bbox 489 2080 599 2155; x_wconf 83' lang='lat' dir='ltr'>semper</span> <span class='ocrx_word' id='word_1_119' title='bbox 610 2101 701 2139; x_wconf 81' lang='lat' dir='ltr'>novus</span> <span class='ocrx_word' id='word_1_120' title='bbox 713 2081 815 2138; x_wconf 90' lang='lat' dir='ltr'>ordine</span> <span class='ocrx_word' id='word_1_121' title='bbox 827 2081 920 2146; x_wconf 69' lang='lat' dir='ltr'>certor</span> 
     </span>
     <span class='ocr_line' id='line_1_22' title="bbox 201 2159 878 2236; baseline 0 -20"><span class='ocrx_word' id='word_1_122' title='bbox 201 2163 261 2217; x_wconf 91' lang='lat' dir='ltr'>Nec</span> <span class='ocrx_word' id='word_1_123' title='bbox 274 2160 440 2218; x_wconf 83' lang='lat' dir='ltr'>declinando</span> <span class='ocrx_word' id='word_1_124' title='bbox 454 2159 560 2216; x_wconf 85' lang='lat' dir='ltr'>faciunt</span> <span class='ocrx_word' id='word_1_125' title='bbox 572 2161 728 2236; x_wconf 87' lang='lat' dir='ltr'>primordia</span> <span class='ocrx_word' id='word_1_126' title='bbox 738 2176 829 2218; x_wconf 84' lang='lat' dir='ltr'>motus</span> <span class='ocrx_word' id='word_1_127' title='bbox 851 2213 854 2216; x_wconf 76' lang='grc'>,</span> <span class='ocrx_word' id='word_1_128' title='bbox 876 2224 878 2228; x_wconf 16' lang='lat' dir='ltr'>v</span> 
     </span>
     <span class='ocr_line' id='line_1_23' title="bbox 145 2240 954 2319; baseline 0.005 -23"><span class='ocrx_word' id='word_1_129' title='bbox 145 2259 150 2267; x_wconf 90' lang='lat'><strong>·</strong></span> <span class='ocrx_word' id='word_1_130' title='bbox 201 2241 379 2317; x_wconf 78' lang='lat' dir='ltr'>Principium</span> <span class='ocrx_word' id='word_1_131' title='bbox 392 2240 547 2315; x_wconf 82' lang='lat' dir='ltr'>quoddam,</span> <span class='ocrx_word' id='word_1_132' title='bbox 562 2241 641 2314; x_wconf 91' lang='lat' dir='ltr'>quod</span> <span class='ocrx_word' id='word_1_133' title='bbox 653 2240 702 2297; x_wconf 80' lang='lat' dir='ltr'>sati</span> <span class='ocrx_word' id='word_1_134' title='bbox 717 2241 817 2298; x_wconf 82' lang='lat' dir='ltr'>soedera</span> <span class='ocrx_word' id='word_1_135' title='bbox 827 2256 954 2319; x_wconf 58' lang='lat' dir='ltr'>rumpam</span> 
     </span>
     <span class='ocr_line' id='line_1_24' title="bbox 201 2320 799 2396; baseline 0.002 -21"><span class='ocrx_word' id='word_1_136' title='bbox 201 2320 423 2378; x_wconf 75' lang='lat' dir='ltr'>Exinfinitone‘</span> <span class='ocrx_word' id='word_1_137' title='bbox 437 2321 551 2377; x_wconf 48' lang='lat' dir='ltr'>causam,</span> <span class='ocrx_word' id='word_1_138' title='bbox 566 2321 644 2377; x_wconf 82' lang='lat' dir='ltr'>eausa</span> <span class='ocrx_word' id='word_1_139' title='bbox 656 2321 799 2396; x_wconf 81' lang='lat' dir='ltr'>sequatur:</span> 
     </span>
     <span class='ocr_line' id='line_1_25' title="bbox 202 2398 920 2476; baseline 0.004 -20"><span class='ocrx_word' id='word_1_140' title='bbox 202 2401 304 2457; x_wconf 84' lang='lat' dir='ltr'>Libera</span> <span class='ocrx_word' id='word_1_141' title='bbox 314 2420 365 2476; x_wconf 88' lang='lat' dir='ltr'>per</span> <span class='ocrx_word' id='word_1_142' title='bbox 379 2414 461 2455; x_wconf 80' lang='lat' dir='ltr'>terras</span> <span class='ocrx_word' id='word_1_143' title='bbox 474 2398 548 2456; x_wconf 90' lang='lat' dir='ltr'>unde</span> <span class='ocrx_word' id='word_1_144' title='bbox 561 2398 619 2456; x_wconf 87' lang='lat' dir='ltr'>haec</span> <span class='ocrx_word' id='word_1_145' title='bbox 631 2402 820 2458; x_wconf 80' lang='lat' dir='ltr'>animantibus</span> <span class='ocrx_word' id='word_1_146' title='bbox 833 2415 920 2469; x_wconf 82' lang='lat' dir='ltr'>extat,</span> 
     </span>
     <span class='ocr_line' id='line_1_26' title="bbox 203 2478 954 2554; baseline 0.001 -16"><span class='ocrx_word' id='word_1_147' title='bbox 203 2481 288 2539; x_wconf 89' lang='lat' dir='ltr'>Unde</span> <span class='ocrx_word' id='word_1_148' title='bbox 297 2481 332 2536; x_wconf 85' lang='lat' dir='ltr'>est</span> <span class='ocrx_word' id='word_1_149' title='bbox 346 2478 403 2536; x_wconf 79' lang='lat' dir='ltr'>her</span> <span class='ocrx_word' id='word_1_150' title='bbox 418 2478 554 2554; x_wconf 77' lang='lat' dir='ltr'>(inquam)</span> <span class='ocrx_word' id='word_1_151' title='bbox 568 2479 633 2537; x_wconf 83' lang='lat' dir='ltr'>satis</span> <span class='ocrx_word' id='word_1_152' title='bbox 646 2481 736 2538; x_wconf 82' lang='lat' dir='ltr'>avolsa</span> <span class='ocrx_word' id='word_1_153' title='bbox 748 2481 890 2547; x_wconf 85' lang='lat' dir='ltr'>voluntas,</span> <span class='ocrx_word' id='word_1_154' title='bbox 952 2500 954 2504; x_wconf 79' lang='grc'>’</span> 
     </span>
     <span class='ocr_line' id='line_1_27' title="bbox 202 2559 996 2642; baseline 0.006 -24"><span class='ocrx_word' id='word_1_155' title='bbox 202 2559 996 2642; x_wconf 81' lang='lat' dir='ltr'>Perquamprogredimur,quoducitquemquevoluptas?</span> 
     </span>
     <span class='ocr_line' id='line_1_28' title="bbox 200 2643 881 2717; baseline 0 -19"><span class='ocrx_word' id='word_1_156' title='bbox 200 2643 382 2699; x_wconf 84' lang='lat' dir='ltr'>Declinamus</span> <span class='ocrx_word' id='word_1_157' title='bbox 395 2643 464 2697; x_wconf 84' lang='lat' dir='ltr'>item</span> <span class='ocrx_word' id='word_1_158' title='bbox 478 2656 580 2712; x_wconf 78' lang='lat' dir='ltr'>motus,</span> <span class='ocrx_word' id='word_1_159' title='bbox 596 2662 647 2698; x_wconf 88' lang='lat' dir='ltr'>nec</span> <span class='ocrx_word' id='word_1_160' title='bbox 658 2658 783 2717; x_wconf 89' lang='lat' dir='ltr'>tempore</span> <span class='ocrx_word' id='word_1_161' title='bbox 793 2657 881 2710; x_wconf 87' lang='lat' dir='ltr'>certo,</span> 
     </span>
     <span class='ocr_line' id='line_1_29' title="bbox 156 2722 918 2800; baseline 0.003 -20"><span class='ocrx_word' id='word_1_162' title='bbox 156 2769 158 2774; x_wconf 93' lang='lat'><em>.</em></span> <span class='ocrx_word' id='word_1_163' title='bbox 202 2725 260 2780; x_wconf 93' lang='lat' dir='ltr'>Nec</span> <span class='ocrx_word' id='word_1_164' title='bbox 272 2724 383 2800; x_wconf 84' lang='lat' dir='ltr'>regione</span> <span class='ocrx_word' id='word_1_165' title='bbox 395 2722 449 2778; x_wconf 88' lang='lat' dir='ltr'>loci</span> <span class='ocrx_word' id='word_1_166' title='bbox 461 2737 543 2788; x_wconf 84' lang='lat' dir='ltr'>certa,</span> <span class='ocrx_word' id='word_1_167' title='bbox 559 2722 605 2778; x_wconf 85' lang='lat' dir='ltr'>sed</span> <span class='ocrx_word' id='word_1_168' title='bbox 616 2724 664 2778; x_wconf 95' lang='lat' dir='ltr'>ubi</span> <span class='ocrx_word' id='word_1_169' title='bbox 679 2723 736 2798; x_wconf 87' lang='lat' dir='ltr'>ipsa</span> <span class='ocrx_word' id='word_1_170' title='bbox 750 2723 816 2778; x_wconf 87' lang='lat' dir='ltr'>tulit</span> <span class='ocrx_word' id='word_1_171' title='bbox 829 2743 918 2782; x_wconf 81' lang='lat' dir='ltr'>mene.</span> 
     </span>
     <span class='ocr_line' id='line_1_30' title="bbox 202 2799 954 2878; baseline 0.004 -18"><span class='ocrx_word' id='word_1_172' title='bbox 202 2806 275 2860; x_wconf 86' lang='lat' dir='ltr'>Nam</span> <span class='ocrx_word' id='word_1_173' title='bbox 289 2804 377 2859; x_wconf 90' lang='lat' dir='ltr'>dubio</span> <span class='ocrx_word' id='word_1_174' title='bbox 391 2802 492 2878; x_wconf 89' lang='lat' dir='ltr'>procul</span> <span class='ocrx_word' id='word_1_175' title='bbox 502 2799 546 2873; x_wconf 82' lang='lat' dir='ltr'>hir</span> <span class='ocrx_word' id='word_1_176' title='bbox 561 2804 642 2858; x_wconf 85' lang='lat' dir='ltr'>rebus</span> <span class='ocrx_word' id='word_1_177' title='bbox 654 2803 701 2858; x_wconf 83' lang='lat' dir='ltr'>sua</span> <span class='ocrx_word' id='word_1_178' title='bbox 711 2802 811 2876; x_wconf 91' lang='lat' dir='ltr'>cuique</span> <span class='ocrx_word' id='word_1_179' title='bbox 826 2806 954 2863; x_wconf 77' lang='lat' dir='ltr'>voluntas</span> 
     </span>
     <span class='ocr_line' id='line_1_31' title="bbox 202 2879 989 2960; baseline 0.006 -21"><span class='ocrx_word' id='word_1_180' title='bbox 202 2879 843 2958; x_wconf 83' lang='lat' dir='ltr'>Principiumdat;ethincmotuspermembra</span> <span class='ocrx_word' id='word_1_181' title='bbox 851 2884 989 2960; x_wconf 85' lang='lat' dir='ltr'>rigantur.</span> 
     </span>
     <span class='ocr_line' id='line_1_32' title="bbox 203 2960 916 3038; baseline 0.001 -19"><span class='ocrx_word' id='word_1_182' title='bbox 203 2965 305 3020; x_wconf 88' lang='lat' dir='ltr'>Nonne</span> <span class='ocrx_word' id='word_1_183' title='bbox 318 2962 396 3018; x_wconf 84' lang='lat' dir='ltr'>vides</span> <span class='ocrx_word' id='word_1_184' title='bbox 408 2961 502 3026; x_wconf 83' lang='lat' dir='ltr'>etiarn,</span> <span class='ocrx_word' id='word_1_185' title='bbox 519 2960 657 3036; x_wconf 71' lang='lat' dir='ltr'>patesadis</span> <span class='ocrx_word' id='word_1_186' title='bbox 672 2976 795 3038; x_wconf 88' lang='lat' dir='ltr'>tempore</span> <span class='ocrx_word' id='word_1_187' title='bbox 810 2963 916 3038; x_wconf 70' lang='lat' dir='ltr'>pundo</span> 
     </span>
     <span class='ocr_line' id='line_1_33' title="bbox 203 3041 987 3119; baseline 0.006 -21"><span class='ocrx_word' id='word_1_188' title='bbox 203 3043 380 3107; x_wconf 83' lang='lat' dir='ltr'>Carceribus,</span> <span class='ocrx_word' id='word_1_189' title='bbox 394 3059 453 3097; x_wconf 88' lang='lat' dir='ltr'>non</span> <span class='ocrx_word' id='word_1_190' title='bbox 466 3041 541 3118; x_wconf 85' lang='lat' dir='ltr'>posse</span> <span class='ocrx_word' id='word_1_191' title='bbox 552 3057 641 3097; x_wconf 86' lang='lat' dir='ltr'>tamen</span> <span class='ocrx_word' id='word_1_192' title='bbox 655 3061 839 3117; x_wconf 87' lang='lat' dir='ltr'>prorumpere</span> <span class='ocrx_word' id='word_1_193' title='bbox 848 3063 987 3119; x_wconf 82' lang='lat' dir='ltr'>equorum</span> 
     </span>
     <span class='ocr_line' id='line_1_34' title="bbox 202 3121 986 3204; baseline 0.005 -25"><span class='ocrx_word' id='word_1_194' title='bbox 202 3124 274 3180; x_wconf 92' lang='lat' dir='ltr'>Vim</span> <span class='ocrx_word' id='word_1_195' title='bbox 284 3122 416 3199; x_wconf 83' lang='lat' dir='ltr'>cupidam</span> <span class='ocrx_word' id='word_1_196' title='bbox 427 3136 482 3176; x_wconf 81' lang='lat' dir='ltr'>tem</span> <span class='ocrx_word' id='word_1_197' title='bbox 496 3121 631 3188; x_wconf 80' lang='lat' dir='ltr'>desubito,</span> <span class='ocrx_word' id='word_1_198' title='bbox 647 3143 730 3198; x_wconf 88' lang='lat' dir='ltr'>quam</span> <span class='ocrx_word' id='word_1_199' title='bbox 741 3142 817 3178; x_wconf 88' lang='lat' dir='ltr'>mens</span> <span class='ocrx_word' id='word_1_200' title='bbox 829 3139 892 3181; x_wconf 86' lang='lat' dir='ltr'>avet</span> <span class='ocrx_word' id='word_1_201' title='bbox 905 3125 986 3204; x_wconf 82' lang='lat' dir='ltr'>ipsa?</span> 
     </span>
     <span class='ocr_line' id='line_1_35' title="bbox 203 3202 820 3278; baseline -0.002 -18"><span class='ocrx_word' id='word_1_202' title='bbox 203 3203 306 3261; x_wconf 90' lang='lat' dir='ltr'>Omnis</span> <span class='ocrx_word' id='word_1_203' title='bbox 319 3202 394 3258; x_wconf 89' lang='lat' dir='ltr'>enirn</span> <span class='ocrx_word' id='word_1_204' title='bbox 409 3217 498 3257; x_wconf 84' lang='lat' dir='ltr'>totum</span> <span class='ocrx_word' id='word_1_205' title='bbox 513 3221 563 3278; x_wconf 88' lang='lat' dir='ltr'>per</span> <span class='ocrx_word' id='word_1_206' title='bbox 576 3221 680 3278; x_wconf 87' lang='lat' dir='ltr'>corpus</span> <span class='ocrx_word' id='word_1_207' title='bbox 693 3204 820 3260; x_wconf 80' lang='lat' dir='ltr'>materiai</span> 
     </span>
     <span class='ocr_line' id='line_1_36' title="bbox 202 3280 811 3360; baseline -0.003 -20"><span class='ocrx_word' id='word_1_208' title='bbox 202 3284 295 3360; x_wconf 84' lang='lat' dir='ltr'>Copia</span> <span class='ocrx_word' id='word_1_209' title='bbox 305 3283 434 3360; x_wconf 88' lang='lat' dir='ltr'>conquiri</span> <span class='ocrx_word' id='word_1_210' title='bbox 446 3280 537 3350; x_wconf 82' lang='lat' dir='ltr'>debet,</span> <span class='ocrx_word' id='word_1_211' title='bbox 552 3283 659 3339; x_wconf 87' lang='lat' dir='ltr'>concita</span> <span class='ocrx_word' id='word_1_212' title='bbox 673 3302 724 3359; x_wconf 88' lang='lat' dir='ltr'>per</span> <span class='ocrx_word' id='word_1_213' title='bbox 735 3297 811 3340; x_wconf 77' lang='lat' dir='ltr'>artus</span> 
     </span>
     <span class='ocr_line' id='line_1_37' title="bbox 202 3362 916 3442; baseline 0.006 -21"><span class='ocrx_word' id='word_1_214' title='bbox 202 3364 331 3434; x_wconf 79' lang='lat' dir='ltr'>Omneie,</span> <span class='ocrx_word' id='word_1_215' title='bbox 344 3378 377 3428; x_wconf 86' lang='lat' dir='ltr'>ut</span> <span class='ocrx_word' id='word_1_216' title='bbox 390 3362 512 3421; x_wconf 80' lang='lat' dir='ltr'>studium</span> <span class='ocrx_word' id='word_1_217' title='bbox 528 3363 630 3422; x_wconf 76' lang='lat' dir='ltr'>mentia</span> <span class='ocrx_word' id='word_1_218' title='bbox 641 3382 765 3424; x_wconf 84' lang='lat' dir='ltr'>connexa</span> <span class='ocrx_word' id='word_1_219' title='bbox 778 3365 916 3442; x_wconf 84' lang='lat' dir='ltr'>sequatur.</span> 
     </span>
    </p>
   </div>
   <div class='ocr_carea' id='block_1_5' title="bbox 946 3447 988 3507">
    <p class='ocr_par' dir='ltr' id='par_1_6' title="bbox 946 3447 988 3507">
     <span class='ocr_line' id='line_1_38' title="bbox 946 3447 988 3507; baseline 0 -7"><span class='ocrx_word' id='word_1_220' title='bbox 946 3447 988 3507; x_wconf 87' lang='lat' dir='ltr'>Ue</span> 
     </span>
    </p>
   </div>
   <div class='ocr_carea' id='block_1_6' title="bbox 0 0 1186 3875">
    <p class='ocr_par' dir='ltr' id='par_1_7' title="bbox 0 0 1186 3875">
     <span class='ocr_line' id='line_1_39' title="bbox 0 0 1186 3875; baseline 0 0"><span class='ocrx_word' id='word_1_221' title='bbox 0 0 1186 3875; x_wconf 95' lang='lat' dir='ltr'> </span> 
     </span>
    </p>
   </div>
  </div>
 </body>
</html>
