2359 3875
279 438 342 530 178
462 432 921 507 MUCRETII

271 564 415 622 Veridicis
429 565 518 641 igitur
530 565 663 641 purgavit
675 563 785 641 pedora
794 564 889 631 diuis,

273 648 310 701 Et
323 646 406 702 finem
420 645 513 701 statuit
522 646 691 721 cuppedinis
699 659 781 719 atque
795 647 911 706 timoris,

272 724 465 803 Exposuitque
478 727 584 781 bonum
599 726 748 792 summum,
764 746 820 800 quo
841 726 983 783 tendimus
997 745 1058 783 otn-

355 826 413 872 nes,

274 886 358 964 Quid
371 885 452 953 foret,
467 900 550 962 atque
560 884 635 944 viam
647 884 811 947 monstravit
823 886 932 943 tramite
945 906 1050 963 prono,

273 968 341 1044 Qua
355 966 492 1043 possemus
504 969 538 1024 ad
550 967 580 1024 id
590 966 662 1024 redo
676 966 840 1024 contendere
853 967 933 1023 cursu
945 987 953 1023 ι

273 1047 391 1125 Quidve
404 1049 471 1103 mali
481 1047 551 1105 foret
563 1050 595 1105 in
609 1048 689 1103 rebus
702 1043 860 1104 mortalibu'
873 1047 983 1122 paffim,

273 1129 362 1207 Quod
378 1129 474 1185 flueret
486 1143 591 1185 naturae
605 1129 646 1195 vi,
658 1127 786 1203 varieque
799 1129 916 1193 volaret,

273 1209 327 1266 Seu
341 1209 413 1274 casu,
429 1208 473 1264 seu
487 1210 527 1276 vi,
538 1209 615 1284 quod
625 1208 659 1265 [ic
671 1222 770 1265 natura
784 1206 917 1284 parass'et:

203 1328 206 1332 -
224 1327 227 1332 -
272 1290 308 1345 Et
320 1289 423 1365 quibus
436 1310 450 1344 e
464 1290 552 1366 portis
565 1292 677 1346 occurri
690 1288 793 1363 cuique
804 1288 928 1344 deceret:

272 1372 308 1426 Et
321 1390 407 1446 genus
417 1360 570 1426 humanuin
585 1369 684 1425 frustra
697 1373 862 1446 plerumque
876 1368 1008 1444 probavit

274 1452 400 1507 Volvere
414 1470 544 1507 curarum
558 1450 656 1506 tristeis
668 1451 699 1506 in
714 1450 822 1527 pedore
835 1449 946 1506 duduc.

273 1533 350 1588 Nam
363 1531 449 1587 veluti
464 1532 545 1606 pueri
559 1530 709 1607 trepidant,
725 1546 807 1608 atque
816 1530 909 1586 omnia
919 1530 995 1587 caecit

274 1612 311 1667 In
325 1612 444 1666 tenebris
461 1626 605 1667 metuunt:
620 1612 653 1667 {ic
666 1631 716 1667 nos
727 1612 756 1667 in
770 1613 830 1667 luce
844 1611 973 1666 timemus

273 1691 428 1757 Interdum,
444 1689 536 1747 nihilo
549 1711 610 1767 quae
624 1690 687 1747 sunt
695 1692 841 1748 metuenda
852 1691 952 1766 magis,
967 1708 1052 1764 quam

274 1774 347 1849 Quae
358 1771 439 1847 pueri
449 1765 481 1826 in
489 1772 608 1829 tenebris
616 1773 754 1848 pavitant,
770 1773 935 1848 finguntque
948 1770 1054 1827 futura.

272 1854 359 1909 Hunc
373 1853 460 1927 igitur
474 1866 606 1909 terrorem
618 1854 718 1920 animi,
735 1852 912 1929 tenebrasque
923 1845 1058 1908 neceffe'st

271 1934 339 1990 Non
353 1933 424 1990 radii
438 1932 513 2000 solis,
528 1954 579 1989 nec
593 1935 685 1990 lueida
699 1935 751 1990 tela
763 1934 818 1991 diei

273 2015 442 2080 Discutiunt,
458 2014 503 2070 sed
516 2030 622 2070 naturae
636 2015 749 2090 species,
767 2015 910 2089 ratioque:

274 2098 343 2173 Quo
356 2096 442 2170 magis
453 2096 597 2170 inceptum
611 2115 724 2171 pergam
737 2111 880 2171 pertexere
891 2091 983 2150 diffie.

271 2178 308 2231 Et
320 2178 455 2250 quoniam
467 2175 563 2242 docui,
579 2175 681 2232 mundi
695 2176 823 2232 mortalia
838 2175 945 2252 templa

272 2255 344 2322 Effe,
359 2271 385 2311 et
398 2256 494 2311 nativo
507 2255 648 2312 confidere
660 2276 775 2330 corpore
787 2259 905 2320 coelum3

273 2338 310 2391 Et
322 2354 494 2410 quaecunque
508 2336 538 2390 in
552 2356 585 2392 eo
599 2337 682 2403 fiunt,
698 2337 829 2412 fientque,
842 2335 945 2392 neceffe

272 2416 334 2471 Effe
346 2436 376 2471 ea
389 2414 516 2472 dissolvi:
533 2437 593 2492 quae
604 2417 703 2474 restant
715 2418 828 2493 percipe
839 2437 943 2493 porr03

273 2495 513 2574 Quandoquidem
531 2497 611 2554 semel
635 2497 769 2574 infignem
792 2498 971 2555 conscendere
994 2517 1058 2556 cur·

353 2597 417 2633 rum
1014 2595 1026 2608 ·

270 2658 417 2715 Vincendi
430 2657 489 2734 spes
502 2655 656 2724 hortata'st,
671 2674 753 2734 atque
768 2659 853 2716 obvia
866 2658 948 2716 cursu
982 2676 987 2685 “
1033 2715 1042 2720 -

270 2741 343 2816 Quae
356 2738 477 2805 fuerant,
493 2739 557 2795 sunt
569 2739 820 2814 placato'conversa
833 2737 940 2796 furore.

316 2820 432 2885 Cetera,
448 2839 506 2892 quae
521 2819 581 2874 fieri
597 2821 734 2886 interris,
750 2823 874 2896 coeloque
888 2835 1003 2881 tuentur

270 2900 414 2963 Mortales,
426 2898 536 2974 pavidis
546 2919 611 2955 cum
624 2901 746 2974 pendent
758 2897 893 2957 mentibu'
908 2901 986 2977 saepe,

271 2978 519 3035 Efficiuntanimos
531 2976 662 3034 humileis
676 2979 827 3036 formidine
840 2981 955 3048 divum,

270 3057 470 3134 Depreffosque
482 3073 614 3133 premunt
627 3060 661 3115 ad
676 3075 789 3126 terram;
807 3077 957 3137 propterea
969 3064 1046 3144 qnod

270 3139 434 3215 Ignorantia
443 3139 584 3195 causarum
598 3139 721 3196 conferre
733 3141 861 3198 Deorum

272 3219 357 3294 Cogit
368 3218 402 3274 ad
416 3219 568 3294 imperium
581 3240 634 3287 res,
650 3236 677 3276 et
686 3221 837 3277 concedere
850 3243 984 3301 regnum:
1000 3239 1033 3282 et·

272 3301 403 3374 Quorum
417 3317 535 3374 operum
549 3300 640 3356 causas
652 3303 731 3359 nulla
745 3302 852 3358 ratione
866 3303 963 3363 videre

263 3378 395 3457 Possunt,
410 3375 468 3438 hec
481 3378 542 3438 fieri
554 3380 655 3439 divino
668 3382 784 3438 numine
793 3397 900 3440 rentur.
1053 3428 1057 3437 .

981 3467 1055 3522 Nam
