2359 3875
268 385 467 459 crure
497 381 850 457 recursurus.
930 411 973 477 55

211 523 260 580 Cur
270 543 309 588 ea,
320 542 380 597 quae
393 521 477 599 nigro
486 519 593 577 fuerint
606 522 700 596 paullo
709 535 771 577 ante
781 523 884 587 colore,

207 604 353 659 Marmorea
366 602 427 659 fieri
439 600 543 677 poffiut
554 600 672 658 candore
685 616 814 676 repente.

207 684 239 740 Ut
249 702 331 748 mare,
343 695 411 738 cum'
421 681 517 757 magni
531 695 710 737 commorunt
724 699 834 756 equore
847 684 937 751 venti,

204 763 324 818 Vertitur
333 763 364 817 in
376 780 459 817 canor
473 760 603 817 candenti
616 773 753 817 marmore
766 761 878 818 fluibus.

202 844 293 900 Dicere
306 844 384 898 enim
398 840 480 917 poffis
489 841 614 916 nigrum,
628 841 704 917 quod
718 840 788 917 supe
801 842 941 911 videmur,

200 923 323 979 Materies
336 922 387 978 ubi
402 919 531 995 permista
543 916 572 977 'st
587 921 675 986 illiue,
692 936 719 977 et
731 922 802 978 ordo

199 1002 346 1078 Principiis
360 1015 493 1067 mutatur,
505 1015 532 1056 et
540 1000 644 1067 addita,
658 1001 828 1077 demptaque
837 1002 975 1078 quadam,

199 1084 341 1140 Continuo
356 1081 387 1137 id
401 1080 461 1137 fieri
476 1095 508 1137 ut
521 1081 639 1138 candens
652 1080 791 1148 videatur,
806 1097 833 1138 et
846 1084 960 1141 album:

198 1163 281 1240 Quod
295 1163 313 1217 [i
328 1161 451 1219 ceruleis
463 1160 622 1218 constarent
635 1175 744 1236 requoru
754 1163 836 1238 ponti

197 1243 364 1307 Seminibus,
380 1242 460 1298 nullo
471 1238 577 1317 poffent
585 1242 717 1298 albescere
727 1240 819 1317 pabo.

196 1325 264 1379 Nam
277 1340 449 1397 quocunque
460 1320 546 1376 modo
561 1323 823 1395 perturbes,caerul'a
834 1339 895 1395 quae
906 1321 959 1380 fint

195 1405 347 1478 Nunquam
357 1403 387 1457 in
396 1419 582 1457 marmoreum
594 1402 706 1477 possunt
715 1401 834 1477 migrare
840 1402 973 1461 colorem.

234 1484 284 1540 Sin
298 1483 366 1547 alin,
382 1496 464 1555 atque
476 1480 532 1537 ulio
546 1481 610 1537 sunt
621 1481 725 1538 semiue
738 1479 820 1537 tiniia
833 1484 935 1551 colore,

197 1565 265 1639 Quae
277 1562 363 1618 maris
376 1560 500 1618 efficiunt
513 1581 614 1629 unum,
630 1580 792 1638 purumque
804 1563 945 1621 nitoremt

197 1643 232 1701 Ut
246 1644 317 1719 saepe
330 1661 366 1698 ex
380 1642 441 1697 aliie
450 1640 557 1708 formis,
568 1641 707 1717 variisque
720 1641 816 1719 figuris

202 1723 332 1779 Efficitur
345 1721 481 1795 quiddam
495 1721 675 1797 quadratum,
690 1742 806 1799 unaeque
820 1724 933 1802 figure:

198 1802 398 1867 Conveniebat,
410 1801 452 1857 uti
465 1800 495 1856 in
507 1800 643 1875 quadrato
655 1803 794 1860 cernimur
803 1803 853 1860 effe

197 1882 357 1940 Diffimileie
370 1879 489 1947 formare
513 1881 551 1939 ita
566 1901 677 1940 cernere
693 1884 724 1939 in
736 1903 848 1961 equore
857 1884 952 1962 ponti,

197 1967 255 2021 Aut
267 1964 324 2019 alio
338 1964 369 2019 in
383 1962 483 2038 quovit
495 1981 563 2029 uno,
579 1980 708 2041 puroque
719 1965 821 2030 nitore,

197 2042 354 2099 Diffimileis
367 2043 449 2117 longe
462 2042 534 2098 inter
547 2043 583 2109 se,
599 2044 743 2121 variosque
756 2045 872 2100 coloret.

236 2126 382 2188 Praeterea,
393 2120 468 2179 nihii
480 2121 619 2188 officiunt,
635 2123 798 2197 obstantque
807 2123 902 2198 figure

199 2203 358 2267 Diffimiies,
374 2221 431 2278 quo
445 2203 612 2276 quadratum
625 2205 718 2260 minue
731 2220 814 2260 omne
826 2204 858 2260 fit
869 2219 962 2262 extra:

198 2288 235 2340 At
247 2284 321 2340 varii
336 2300 430 2338 rerum
440 2282 611 2359 impediunt,
624 2281 829 2360 prohibentque
841 2287 948 2342 colores

200 2366 264 2442 Quo
279 2363 375 2418 minue
389 2361 439 2418 etse
453 2382 511 2420 uno
523 2363 605 2440 poffic
619 2383 661 2421 res
675 2378 732 2420 tota
743 2364 846 2422 nitore.

236 2445 315 2500 Tum
331 2460 431 2518 porro,
447 2462 507 2519 quae
518 2444 597 2499 ducit
609 2457 637 2499 et
648 2444 750 2511 inlicit,
765 2458 798 2500 ut
811 2446 967 2503 tribuamus

199 2522 351 2598 Principiis
365 2540 459 2579 rerum
470 2537 689 2598 nonnunquam,
704 2522 803 2592 cauffo,
818 2527 935 2592 colores,

201 2603 326 2668 Occidit,
342 2600 463 2672 (exalbir
476 2604 611 2680 quoniam
621 2622 679 2660 nou
692 2605 753 2660 alba
766 2619 893 2660 creantur
904 2627 913 2668 t

199 2685 253 2740 Nec
267 2702 330 2760 que
339 2681 421 2757 nigra
433 2684 538 2749 cluent,
553 2683 587 2739 de
601 2684 705 2760 nigris,
730 2683 774 2739 sed
788 2683 873 2740 variis
886 2682 945 2759 de.)

201 2765 318 2840 Quippe
329 2761 433 2818 etenim
445 2765 534 2820 multo
547 2763 702 2839 proclivius
710 2762 872 2821 exorientur

202 2842 326 2900 Candida
338 2841 373 2899 de
381 2845 473 2912 nullo,
488 2862 572 2918 quam
585 2843 620 2899 de
632 2843 760 2920 nigrante
773 2845 875 2911 colore,

200 2927 259 2984 Aut
270 2922 328 2980 alio
341 2924 450 2997 quovis,
465 2923 517 3002 qui
529 2937 626 2980 contra
638 2938 755 3000 pugnet,
768 2941 795 2981 et
805 2925 902 2982 obstet,

241 3005 386 3069 Praete'rea,
399 3006 533 3080 quoniam
546 3019 689 3080 nequeunt
700 3004 820 3062 {ineluce
832 3006 940 3062 colores

202 3082 270 3150 Effe,
284 3100 376 3158 neque
385 3084 416 3140 in
429 3087 520 3161 lucem
530 3084 650 3142 existunt
663 3085 820 3160 primordie
831 3104 942 3143 rerum:

203 3165 274 3222 Scire
284 3165 349 3223 licet
357 3182 441 3236 quarn
455 3164 505 3220 {int
514 3165 594 3223 nullo
605 3166 694 3223 relata
706 3165 810 3222 colore.

203 3245 304 3321 Qualis
317 3243 393 3301 euim
405 3246 481 3302 eaecit
494 3247 600 3321 poterit
611 3246 691 3302 color
700 3242 752 3300 effe
764 3245 897 3314 tenebris,

206 3325 326 3385 Lumine
339 3326 389 3403 qui
400 3339 525 3387 mutetur
535 3325 567 3386 in
578 3325 652 3405 ipso,
667 3337 816 3405 propterea
828 3326 905 3405 quod
940 3403 984 3462 aa

896 3407 941 3464 Re
