2359 3875
139 415 248 519 Ι,ιῦ
322 408 395 480 4Τ.
438 391 832 480 chRETtl

203 544 331 601 Materies
340 542 429 619 igitur
437 541 527 602 solido
539 563 601 618 que
614 560 731 618 corpore
743 539 858 606 constat,

202 622 263 679 Eise
277 638 377 679 aeterna
391 622 488 699 potest,
503 642 566 679 cum
579 637 674 679 caetera
686 621 894 678 dillolvantur.'

245 702 321 758 Tum
336 702 448 778 porrofi
463 703 505 758 nil
517 700 591 768 ellet,
607 702 683 777 quod
696 702 777 758 inane
791 713 912 765 vacaret,

203 779 296 837 Omne
310 779 381 838 foret
395 782 529 846 soliduma
553 782 605 838 nifi
618 798 716 837 contra
728 800 847 855 corpora
860 797 930 835 caeca

202 860 305 927 Ellent,
319 881 379 935 qna
389 862 448 917 loca
456 862 639 936 complerent,
653 880 823 936 quacunque
836 870 978 914 tenerent:
1006 907 1014 913 .

202 940 307 1004 Omne,
322 941 396 1014 quod
407 941 454 1006 est,
466 940 585 1016 spatium
599 961 719 997 vacuum
733 937 867 995 constaret
879 938 976 993 inane.

200 1020 325 1075 Alternia
340 1020 426 1095 igitur
435 1021 574 1077 nimirum
586 1039 687 1095 corpus
699 1018 777 1075 inani

200 1096 384 1165 Distinttu'st‚
399 1099 531 1173 qnoniam
543 1120 594 1155 nec
608 1101 723 1174 plenum
735 1098 843 1154 naviter
850 1110 944 1164 exuta

102 1197 109 1207 ·
201 1178 260 1234 Nec
273 1198 359 1253 porro
371 1198 508 1236 vacuum:
533 1178 597 1235 lunt
608 1198 672 1253 ergo
686 1197 803 1253 eorpoia
817 1197 898 1242 caeca,

203 1260 275 1333 Qua
286 1259 406 1333 spatium
420 1260 504 1333 pleno
514 1257 615 1333 pollint
624 1256 791 1332 distinguere
803 1256 898 1313 inane.

245 1339 312 1393 Haec
323 1355 412 1411 neque
423 1337 536 1394 diffolvi
546 1338 635 1412 plagis
648 1337 816 1393 extrinsecus
828 1334 881 1391 ieta

202 1416 334 1474 Pollunt:
357 1436 406 1471 nec
418 1435 506 1491 porro
515 1416 628 1491 penitus
642 1431 783 1491 penetrata
795 1413 905 1479 ιοῑειιὶς

201 1499 261 1552 Nec
275 1496 382 1551 ratione
394 1509 502 1568 queunt
514 1495 569 1550 alia
583 1509 685 1550 tentata
696 1496 805 1551 labare·

201 1575 236 1631 Id
245 1574 386 1649 quodjam
397 1572 491 1649 supera
506 1574 556 1629 tibi
569 1574 664 1664 anullo
674 1564 844 1630 ostendimus
858 1586 935 1629 ante.
1008 1571 1012 1576 '

201 1657 274 1711 Nam
289 1672 377 1727 neque
390 1652 496 1708 conlidi
507 1652 582 1707 line
574 1671 653 1708 mam
644 1651 741 1727 polle
754 1653 868 1709 videtur

201 1734 374 1812 Quicquam,
388 1751 439 1788 nec
448 1731 550 1809 frangi
562 1752 612 1787 nec
625 1731 719 1787 findi
711 1752 742 1787 m
756 1731 821 1787 bina
835 1731 968 1791 secando:

199 1815 258 1870 Nec
270 1831 366 1888 capere
378 1810 536 1877 humorem,
552 1831 641 1885 neque
655 1812 723 1868 item
733 1812 870 1871 manabile
879 1811 981 1889 frigus,

200 1895 259 1952 Nec
268 1890 457 1968 penetralem'
448 1909 552 1966 ignem,
563 1892 666 1971 quibua
677 1891 771 1948 omnia
782 1891 981 1951 coniiciuntur:

199 1974 235 2028 Et
246 1990 333 2047 quam
345 1990 461 2046 qunque
470 1971 558 2062 magia
572 1969 685 2027 cohibet
693 1990 734 2028 res
748 1972 824 2028 intus
835 1971 935 2041 Inane

196 2052 269 2108 Tam
282 2053 371 2126 magis
383 2050 426 2105 hia
440 2050 519 2106 rebus
529 2051 642 2126 penitus
657 2065 758 2107 tentata
769 2050 893 2108 labascit.

198 2132 296 2207 Ergo,
301 2129 320 2185 fi
333 2129 428 2193 solida,
443 2150 474 2186 ac
487 2131 565 2186 line
556 2130 634 2187 inani
648 2149 766 2204 corpora
779 2131 869 2206 prima

198 2212 280 2274 Sunt,
293 2211 332 2264 ita
344 2209 385 2263 uti
398 2210 493 2275 docui,
509 2210 560 2265 lint
570 2209 627 2265 haec
638 2225 737 2266 aetema
749 2206 894 2268 neceffe'll·

244 2290 387 2352 Praeterea,
400 2288 450 2344 nili
460 2290 586 2344 materies
600 2304 699 2345 aetema
711 2288 811 2361 luillae,

196 2365 325 2425 Antehac
339 2366 374 2422 ad
383 2365 508 2423 nihilum
518 2369 632 2443 penitus
647 2389 688 2424 rea
701 2388 814 2443 quaeque
828 2368 968 2438 rediffent.

196 2449 239 2503 De
252 2445 397 2520 nihiloque
412 2462 505 2503 renata
515 2447 606 2503 forent
616 2467 786 2522 quacunque
796 2449 932 2508 videmus.

196 2528 238 2584 At
251 2527 384 2602 quoniam
397 2529 493 2603 lupera
508 2527 593 2584 docui
608 2549 625 2584 ιι
634 2546 664 2583 ιι
682 2528 755 2603 polle
768 2530 855 2586 creari

198 2607 241 2663 De
254 2606 358 2675 nihile,
374 2627 462 2682 neque
471 2608 548 2682 quod
559 2603 687 2684 genitu'll
701 2608 735 2663 ad
748 2607 791 2662 nil
805 2609 949 2666 revocari:

198 2687 258 2743 Effe
268 2687 421 2743 immortali
435 2688 590 2763 primordia
601 2707 719 2762 corpore
732 2687 842 2753 debent.

197 2766 317 2823 Dillolvi
327 2785 385 2841 quo
397 2787 512 2841 quaeque
523 2767 650 2841 supremo
666 2783 790 2841 tempore
805 2766 921 2842 pollintg

196 2846 328 2902 Materies
340 2861 372 2900 ut
381 2845 537 2920 suppeditet
549 2848 632 2901 rebus
646 2845 817 2920 mpaiandis.

197 2926 268 2989 Sunt
278 2925 363 2999 igitur
375 2925 462 2980 solida
472 2925 627 2999 primordia
641 2925 823 3000 fimplicitate

196 3006 257 3061 Nec
267 3005 374 3059 ratione
383 3021 487 3077 queunt
502 3006 555 3061 alia
569 3005 671 3061 servata
684 3025 734 3080 per
744 3026 834 3062 aevum

198 3085 242 3140 Ex
252 3083 385 3138 infinito
372 3101 431 3158 jam
446 3099 569 3159 tempore
584 3105 625 3140 rea
640 3103 778 3159 reparare.

240 3161 380 3237 Denique,
395 3164 532 3220 {inullam
547 3164 631 3220 linem
641 3178 739 3219 natura
749 3163 865 3237 parallet

82 3270 87 3279 ’
198 3242 368 3316 Frangendis
383 3245 494 3299 rebus
466 3263 541 3319 jam
553 3261 674 3320 corpora
687 3243 813 3302 materiai

197 3319 293 3398 Usque
302 3322 518 3393 redabaforent
533 3343 593 3383 aevo
603 3322 744 3400 frangente
757 3324 863 3402 priore,
943 3407 972 3465 U

974 3421 986 3465 ί
