2359 3875
122 473 127 480 ’
206 461 271 531 13⁰
364 434 405 506 T.
445 431 833 506 LUCRETII

203 568 423 645 Venantumque
435 588 512 625 cenes
524 570 555 624 in
569 568 649 623 molli
659 566 726 644 saepe
739 566 832 642 quiete

196 646 308 719 Jadlant
319 667 399 705 crura
413 663 503 704 tamen
514 648 618 713 subito,
632 646 765 720 vocesque
779 658 895 721 repente

202 728 338 795 Mittunt,
353 742 380 784 et
392 730 500 785 crebras
510 728 667 785 redducunt
678 728 795 783 naribus
807 746 898 791 auras,

204 807 246 864 Ut
261 808 375 884 vestigia
388 808 406 863 fi
422 824 532 865 teneant
544 809 660 864 inventa
672 806 805 863 ferarum.

202 887 449 965 Expergefadlique
462 889 615 965 lequuntur
623 888 718 943 inania
731 886 800 964 saepe

202 968 358 1025 Cervorum
370 969 523 1036 fimulacra,
538 968 611 1046 fugae
623 969 697 1042 quali
707 967 800 1023 dedita
810 979 943 1031 cernant3

204 1047 303 1104 Donec
316 1047 436 1106 discuffis
445 1049 557 1106 redeant
569 1047 711 1105 erroribus
723 1047 759 1103 ad
773 1046 809 1102 se.
948 1050 950 1054 ’

204 1129 247 1183 At
259 1128 387 1187 consueta
396 1129 475 1186 domi
488 1131 646 1187 catulorum
655 1127 758 1185 blanda
771 1145 899 1203 propago

205 1206 322 1285 Degere,
334 1210 538 1287 sepelevemex
547 1209 648 1275 oculis,
660 1211 859 1282 volucremque
869 1207 993 1284 l'oporem

203 1288 357 1358 Discutere‚
373 1306 400 1347 et
409 1310 511 1367 corpus
524 1291 559 1346 de
573 1304 644 1346 terre
657 1290 803 1363 conripere
815 1287 927 1354 inflant,

204 1368 328 1428 Proinde
337 1372 434 1447 quafi
424 1387 551 1462 ignotas.
544 1369 635 1434 facies,
651 1385 733 1444 atque
746 1386 795 1423 ora
808 1381 933 1423 tuantur.

205 1448 241 1503 Et
254 1471 339 1527 quam
352 1470 468 1527 quaeque
481 1451 566 1528 magis
579 1450 643 1507 suut
656 1449 749 1525 aspera
763 1448 867 1505 semina
879 1467 989 1511 eorum,

203 1527 277 1584 Tam
290 1532 376 1606 magis
390 1532 420 1586 in
435 1531 536 1587 somnis
548 1530 643 1587 eadem
658 1529 751 1585 saevire
764 1523 910 1584 neceffum'
913 1526 945 1583 ll

203 1610 246 1665 At
258 1611 341 1667 variae
354 1609 468 1686 fugiunt
480 1613 616 1675 volueres
627 1608 782 1686 pennisque
797 1617 910 1684 repente

203 1688 362 1746 sollicitant
374 1690 475 1748 divum
487 1689 626 1747 nodumo
640 1704 764 1765 tempore
775 1690 864 1754 lucos,

202 1767 363 1845 Accipitres
374 1770 489 1828 lomno'
482 1790 511 1826 m
525 1772 580 1827 leni
595 1770 613 1825 fi
626 1770 736 1846 proelia,
750 1768 913 1845 pugnasque

204 1848 292 1906 Edere
306 1850 369 1907 sunt
381 1850 569 1927 persedentes,
585 1849 700 1923 vileque
713 1851 848 1905 volantes.

246 1928 338 1988 Porro
359 1927 510 1990 homiuum
532 1944 638 1989 mentes
658 1928 768 2006 maguis
790 1948 851 2005 quae
869 1917 992 1987 motibus

330 2011 443 2069 edunt?

202 2090 308 2168 Magna
321 2092 423 2148 etenim
432 2090 527 2168 ''saepe
518 2114 551 2149 in
565 2090 668 2148 somnis
682 2089 853 2168 faciuntque,
878 2100 991 2167 gerunt

324 2191 391 2247 que.

202 2251 291 2326 Reges
304 2265 480 2327 expugnant,
496 2247 660 2327 capiuntur}
671 2251 769 2328 proelia
781 2250 914 2314 miscent3

199 2328 319 2386 Tollunt
330 2331 473 2397 clamores,
488 2331 562 2406 quali
576 2333 594 2387 fi
604 2333 771 2410 jugulentur
784 2329 906 2386 ibidem:

198 2409 287 2466 Multi
300 2410 472 2484 depugnant,
485 2412 658 2485 ‘gemitusque
668 2410 813 2466 doloribus
826 2410 931 2474 edunt;

201 2489 239 2543 Et
251 2489 325 2562 quafi
338 2488 478 2565 panthere
493 2490 586 2547 morsu
600 2491 719 2564 saevique
732 2488 836 2545 leonis

198 2569 382 2634 Mandantur
398 2571 505 2646 magnis
517 2572 686 2626 clamoribus
699 2569 795 2625 omnia
804 2569 963 2645 complent.

199 2650 287 2706 Multi
302 2649 336 2706 de
349 2653 457 2726 magnis
469 2671 520 2727 per
534 2651 662 2708 somnum
678 2645 754 2706 rebu
769 2651 941 2725 loquuntur,

200 2730 367 2806 Indicioque
381 2730 422 2785 sui
436 2730 500 2786 fadi
513 2731 634 2807 persaepe
647 2730 738 2786 fuere:

199 2810 285 2866 Multi
299 2826 419 2866 mortem
432 2813 547 2876 obeunt,
562 2812 645 2866 multi
659 2811 692 2865 de
706 2810 849 2866 montibus
862 2811 925 2868 altis

199 2891 233 2946 Se
247 2892 319 2965 quafi
336 2891 512 2966 praeci'pitent
524 2891 559 2946 ad
575 2906 676 2945 terram
689 2904 808 2966 corpore
823 2905 893 2956 toto,

198 2971 393 3035 Exterrentur‚
410 2985 479 3026 etex
495 2969 602 3037 somno,
617 2971 690 3045 quasi
704 2966 840 3026 mentibu'
853 2972 954 3050 eapti„

186 3049 262 3106 ,vix
276 3051 311 3106 ad
322 3049 348 3105 se
360 3049 478 3106 redeunt
492 3051 613 3126 permoti
628 3051 760 3130 corporis
768 3050 842 3107 aellu.
895 3083 902 3089 -

198 3131 336 3187 Flumen'
329 3145 394 3184 rtem
408 3129 507 3196 sitiens,
524 3148 570 3188 aut
584 3129 689 3187 fontem
705 3147 820 3207 propter
832 3152 976 3187 amoenum

196 3210 323 3275 Adlidet,
338 3224 366 3265 et
380 3224 470 3267 totum
484 3231 572 3287 prope
586 3211 712 3267 faucibus
724 3226 844 3286 occupat
854 3230 976 3268 amnem.

196 3290 257 3346 Pufi
272 3290 338 3366 saepe
351 3292 442 3346 lacum
453 3309 581 3368 propter,
598 3291 634 3356 se,
647 3312 677 3346 ac
690 3288 767 3348 dolia
779 3308 869 3364 curtat,

196 3371 300 3428 Somno
312 3368 433 3428 devindli
447 3373 563 3429 eredunt
574 3373 706 3428 extollere
716 3370 826 3439 vestem,

878 3449 980 3509 Totius
