2359 3875
203 435 268 510 134
349 366 828 487 1.·JLUCRET.H

198 542 275 599 Eicit
287 541 364 598 enirn
377 540 444 600 sulci
456 540 527 599 tella
540 542 664 617 regione,
678 541 779 617 viaque

197 622 362 687 Vomcrem,
375 635 457 695 atquc
471 622 538 678 locis
551 621 652 677 avertit
663 620 778 678 seminia
790 619 891 678 illum.

198 701 347 777 quuesna
360 700 439 759 causa
453 700 622 761 consuerunt
633 700 719 758 scorta
731 701 852 776 unveri,

197 783 242 838 Ne
255 782 463 857 complerentur
476 781 584 846 crebro,
600 779 776 856 gravidaeque
784 782 920 856 jacerent,

198 861 235 917 Et
249 861 330 922 fimul
343 859 403 936 ipsa
416 860 485 917 viris
498 860 597 917 Venus
610 874 642 917 ut
653 859 818 916 concinnior
830 858 910 919 esset:

196 939 371 1018 Conjrrgibus
385 939 462 1017 quod
475 939 518 997 nil
531 938 632 997 noslris
645 958 716 1015 opus
728 938 779 995 else
792 940 918 999 videtur.

238 1022 297 1078 Nnc
310 1019 449 1077 divinitus
463 1018 499 1075 est
512 1018 666 1086 interdum,
683 1018 857 1096 Venerisque
868 1020 978 1098 sagittis

194 1100 341 1158 Deteriore
354 1100 385 1157 fit
399 1115 430 1157 ut
443 1099 534 1156 forma
547 1098 713 1156 muliercula
726 1114 844 1156 ametur.

196 1182 275 1237 Narn
283 1179 350 1242 facit
361 1179 424 1257 ipsa
433 1180 490 1237 suis
502 1178 644 1236 interdum
656 1177 770 1235 soemina
782 1178 871 1247 factis,

198 1260 401 1337 Morigerisque
411 1258 513 1327 modis,
528 1275 555 1315 et
564 1258 672 1315 mundo
686 1254 810 1334 corpori'
821 1262 924 1327 cultu„

198 1341 239 1399 Ut
254 1340 333 1398 sacile
346 1339 479 1400 insuescat
491 1339 582 1396 securn
597 1339 642 1395 vir
654 1336 751 1413 degere
763 1338 862 1396 vitam.

243 1419 333 1497 QOd
346 1418 476 1497 superest,
492 1416 663 1476 consuetudo
676 1417 826 1474 concinnat
837 1439 975 1477 amorem.

198 1501 274 1556 Nam
287 1500 385 1556 leviter
397 1499 537 1575 quamvis,
551 1497 627 1573 quod
639 1498 734 1554 crebro
747 1498 878 1556 tunditur
889 1499 962 1568 ictu,

200 1579 338 1635 Vincitur
350 1580 381 1635 in
390 1580 477 1655 longo
490 1578 579 1655 spatio
594 1592 698 1644 tamen,
712 1590 795 1652 atque
807 1579 929 1636 labascit.

200 1661 304 1715 Nonne
317 1658 406 1724 vides,
416 1657 499 1715 etiam
513 1672 602 1734 guttas
615 1658 646 1713 in
660 1656 721 1713 saxa
732 1658 871 1716 cadenteis

201 1738 336 1797 Humorir
348 1740 433 1814 longo
446 1738 477 1797 in
487 1737 576 1815 spatio
588 1736 756 1815 pertundere
767 1737 854 1797 saxa?
