2359 3875
440 261 448 286 s

206 449 275 498 ‘too
381 421 840 496 Mutuum

209 561 303 618 Multa
315 557 408 615 modis
422 558 518 615 multis
531 562 681 617 multarum
691 559 797 616 semina
810 577 916 625 rerum,

209 640 299 719 Quod
313 638 442 715 permista
451 637 521 715 gerit
534 641 624 708 tellus,
639 640 809 716 discretaque
823 637 918 695 tradit.

253 719 485 794 Nodumumque
494 739 587 776 recens
597 719 748 776 extinttum
758 721 865 786 lumen,
878 717 927 776 ubi
935 717 994 774 aeri

209 802 319 860 Nidoce
328 798 445 856 offendit
454 801 544 855 nareis
557 801 684 877 consopit
696 801 813 868 ibidem,

211 881 336 958 Dejicere
349 894 380 935 ut
395 898 498 955 pronos
507 881 556 953 qui
571 883 685 938 morbus
699 882 765 958 sepe
775 882 874 937 suevit.

253 959 439 1037 Calloreoque
453 961 530 1034 gravi
544 962 646 1018 mulier
658 962 746 1038 sopita
760 961 908 1024 recumbit.

211 1043 248 1098 Et
259 1043 388 1098 manibus
397 1040 521 1096 nitidum
535 1042 635 1097 teneris
648 1061 719 1117 opus
731 1041 821 1098 effluit
833 1042 883 1107 eii,

209 1124 352 1199 Tempore
365 1120 423 1177 cosi
437 1116 594 1187 odoratast,
609 1141 666 1196 quo
678 1122 815 1178 menstrua
829 1121 925 1178 solvit.

252 1204 399 1277 Multaque
410 1215 537 1277 praeterea
547 1202 708 1276 languentia
718 1204 844 1258 membra
855 1221 905 1278 per
917 1216 993 1259 artus

209 1284 338 1349 Solvuut,
353 1298 434 1358 atque
446 1281 567 1336 animam
582 1281 743 1339 labefactant
757 1282 867 1338 sedibus
880 1283 968 1339 intus.

251 1363 391 1438 Denique,
404 1363 420 1417 fi
431 1363 462 1416 in
475 1360 573 1416 calidis
586 1361 666 1438 etiam
681 1362 807 1419 tundere
817 1364 945 1429 lavacris,

207 1445 323 1502 Plenior
331 1459 358 1499 et
370 1442 435 1498 solio
448 1441 478 1495 in
491 1439 576 1497 suecis
589 1441 721 1497 ferventis
732 1442 830 1518 aquai:

211 1526 307 1600 Quam
320 1522 400 1579 facile
413 1523 445 1577 in
459 1519 552 1577 medio
567 1522 598 1577 fit
610 1521 651 1576 uti
665 1523 712 1578 des
726 1523 796 1598 saepe
810 1524 929 1580 ruinas?

253 1604 471 1676 Carbonumque
481 1601 572 1677 gravis
583 1601 637 1666 vis,
652 1617 735 1677 atque
748 1603 822 1660 odor
834 1605 992 1659 infimatur

210 1687 305 1761 Quam
326 1682 404 1739 facile
417 1682 447 1737 iu
460 1682 613 1749 cerebrum,
628 1682 678 1738 nisi
692 1702 792 1760 aquam
807 1684 989 1761 praecepimus

288 1762 372 1819 ante?

248 1842 290 1901 At
299 1864 364 1902 cum
375 1843 499 1900 membra
507 1840 629 1901 hominis
639 1845 762 1921 percepit
774 1843 881 1902 fervida
890 1844 984 1911 febrit,

201 1925 277 1984 Turn
292 1926 323 1982 fit
333 1925 405 1981 o'dor
418 1924 478 1980 vini
494 1926 579 2000 plagae
594 1925 745 1982 maetabssis
757 1924 852 1982 instar.

203 2009 306 2064 Nonne
319 2006 397 2062 vides
409 2006 494 2060 etiam
505 2019 574 2061 terra
587 2026 699 2082 quoque
712 2005 801 2062 sulfur
814 2009 844 2063 in
855 2006 918 2083 ipsa

204 2086 346 2164 Gignier?
359 2100 386 2142 et
399 2100 469 2142 tetro
479 2087 647 2143 concrescere
659 2088 743 2142 odore
756 2086 907 2143 bitumen?

245 2167 373 2243 Denique
386 2167 435 2222 ubi
445 2166 552 2241 argenti
559 2185 651 2231 venas,
663 2168 779 2241 aurique
793 2167 956 2242 sequuntur,

204 2248 304 2305 Terrai
320 2247 432 2322 penitus
441 2245 588 2302 scrutantes
599 2247 693 2303 abdita
706 2246 794 2303 ferro:

206 2329 323 2405 Qualeis
336 2325 455 2401 exspirat
468 2325 615 2400 scaptesula
629 2326 851 2384 subterodores?

207 2407 323 2484 Quidve
336 2407 402 2461 mali
413 2406 443 2461 fit
456 2419 488 2460 ut
500 2404 630 2463 exhalent
638 2423 731 2464 aurata
746 2406 879 2463 metalla?

205 2492 286 2564 Quas
298 2485 447 2542 hominum
456 2484 687 2543 redduntsacies?
696 2488 854 2563 qualeisque
863 2485 987 2545 colores?

204 2566 399 2632 Nonnevidts‚
415 2565 524 2620 audisve
537 2568 628 2642 perite
639 2569 669 2624 in
681 2585 805 2644 tempore
818 2586 906 2641 parvo

206 2651 302 2726 Quam
312 2647 424 2712 soleant,
440 2661 466 2701 et
476 2665 560 2720 quarn
570 2648 638 2704 vitai
649 2649 729 2723 copia
742 2649 818 2714 defit,

205 2732 287 2806 Quos
297 2746 380 2803 opere
393 2727 423 2782 in
438 2727 485 2783 tali
499 2725 611 2784 cohibet
624 2729 667 2784 vis
682 2726 944 2804 magna?necelse'st

204 2810 265 2864 Hos
277 2808 364 2884 igitur
377 2807 457 2862 tellus
470 2808 577 2863 omneis
589 2807 714 2865 exaestuet
727 2809 814 2876 aelius,

203 2889 376 2965 Expiretque
389 2885 462 2942 foras
474 2886 506 2941 in
519 2904 625 2961 aperta,
641 2905 827 2966 promptaque
841 2891 916 2948 coeli.

246 2968 290 3024 Sic
303 2982 329 3021 et
342 2966 457 3021 Averna
466 2967 526 3020 loca
535 2968 649 3024 alitibus
662 2968 944 3028 summitteredebent

203 3045 380 3104 Mortiferam
392 3046 462 3112 vim,
478 3045 513 3101 de
527 3061 599 3104 terra
611 3068 672 3124 quae
686 3050 772 3125 surgit
785 3050 816 3106 in
830 3071 920 3118 aurat,

204 3130 245 3185 Ut
256 3126 376 3202 spatium
391 3126 454 3182 coeli
464 3126 585 3201 quadam
595 3129 629 3185 de
641 3144 717 3205 parte
731 3147 846 3187 venenet
856 3155 865 3198 3

204 3211 274 3286 Quo
288 3206 367 3262 fimul
380 3226 410 3262 ac
423 3207 545 3282 primum
555 3211 655 3285 pennis
667 3209 758 3266 delata
770 3211 873 3280 fitales,

203 3286 380 3364 Impediatur
393 3286 433 3341 ibi
447 3306 516 3342 caeco
528 3305 663 3365 conrepta
676 3281 795 3358 venenu,

195 3369 237 3427 Ut
251 3366 466 3445 eadatertgione
476 3366 609 3444 loci,qua
616 3368 715 3446 dirigit
725 3370 816 3429 aestua:

920 3456 987 3527 Qu
