<?xml version="1.0" encoding="UTF-8"?>
<!DOCTYPE html PUBLIC "-//W3C//DTD XHTML 1.0 Transitional//EN"
    "http://www.w3.org/TR/xhtml1/DTD/xhtml1-transitional.dtd">
<html xmlns="http://www.w3.org/1999/xhtml" xml:lang="en" lang="en">
 <head>
  <title>
</title>
<meta http-equiv="Content-Type" content="text/html;charset=utf-8" />
  <meta name='ocr-system' content='tesseract 3.04.00' />
  <meta name='ocr-capabilities' content='ocr_page ocr_carea ocr_par ocr_line ocrx_word'/>
</head>
<body>
  <div class='ocr_page' id='page_1' title='image "./titilucretiicar03carugoog_0157.png"; bbox 0 0 2359 3875; ppageno 0'>
   <div class='ocr_carea' id='block_1_1' title="bbox 318 429 990 532">
    <p class='ocr_par' dir='ltr' id='par_1_1' title="bbox 318 429 990 532">
     <span class='ocr_line' id='line_1_1' title="bbox 318 429 990 532; baseline 0.006 -34"><span class='ocrx_word' id='word_1_1' title='bbox 318 429 519 502; x_wconf 76' lang='grc' dir='ltr'>ιιιιιιι</span> <span class='ocrx_word' id='word_1_2' title='bbox 561 431 868 532; x_wconf 62' lang='lat' dir='ltr'>Quirinus,</span> <span class='ocrx_word' id='word_1_3' title='bbox 925 452 990 523; x_wconf 76' lang='lat'>149</span> 
     </span>
    </p>
   </div>
   <div class='ocr_carea' id='block_1_2' title="bbox 199 562 999 2080">
    <p class='ocr_par' dir='ltr' id='par_1_2' title="bbox 208 562 843 640">
     <span class='ocr_line' id='line_1_2' title="bbox 208 562 843 640; baseline 0.005 -24"><span class='ocrx_word' id='word_1_4' title='bbox 208 562 332 629; x_wconf 84' lang='lat' dir='ltr'>Versent,</span> <span class='ocrx_word' id='word_1_5' title='bbox 348 579 374 618; x_wconf 84' lang='lat' dir='ltr'>et</span> <span class='ocrx_word' id='word_1_6' title='bbox 383 578 473 640; x_wconf 85' lang='lat' dir='ltr'>partes</span> <span class='ocrx_word' id='word_1_7' title='bbox 482 578 512 620; x_wconf 87' lang='lat' dir='ltr'>ut</span> <span class='ocrx_word' id='word_1_8' title='bbox 523 564 622 621; x_wconf 89' lang='lat' dir='ltr'>muudi</span> <span class='ocrx_word' id='word_1_9' title='bbox 638 564 722 620; x_wconf 83' lang='lat' dir='ltr'>totius</span> <span class='ocrx_word' id='word_1_10' title='bbox 735 578 843 620; x_wconf 85' lang='lat' dir='ltr'>extent.</span> 
     </span>
    </p>

    <p class='ocr_par' dir='ltr' id='par_1_3' title="bbox 207 643 921 719">
     <span class='ocr_line' id='line_1_3' title="bbox 207 643 921 719; baseline 0.003 -22"><span class='ocrx_word' id='word_1_11' title='bbox 207 643 292 716; x_wconf 71' lang='lat' dir='ltr'>Quod</span> <span class='ocrx_word' id='word_1_12' title='bbox 306 662 393 719; x_wconf 84' lang='lat' dir='ltr'>genus</span> <span class='ocrx_word' id='word_1_13' title='bbox 405 645 437 703; x_wconf 91' lang='lat' dir='ltr'>in</span> <span class='ocrx_word' id='word_1_14' title='bbox 450 644 532 702; x_wconf 83' lang='lat' dir='ltr'>nobis</span> <span class='ocrx_word' id='word_1_15' title='bbox 545 644 672 719; x_wconf 76' lang='lat' dir='ltr'>quadam</span> <span class='ocrx_word' id='word_1_16' title='bbox 687 644 749 700; x_wconf 87' lang='lat' dir='ltr'>licet</span> <span class='ocrx_word' id='word_1_17' title='bbox 762 644 792 700; x_wconf 89' lang='lat' dir='ltr'>in</span> <span class='ocrx_word' id='word_1_18' title='bbox 807 644 921 701; x_wconf 87' lang='lat' dir='ltr'>statione</span> 
     </span>
    </p>

    <p class='ocr_par' dir='ltr' id='par_1_4' title="bbox 204 722 999 880">
     <span class='ocr_line' id='line_1_4' title="bbox 204 722 999 816; baseline 0.004 -41"><span class='ocrx_word' id='word_1_19' title='bbox 204 722 330 779; x_wconf 86' lang='lat' dir='ltr'>Membra</span> <span class='ocrx_word' id='word_1_20' title='bbox 339 743 460 816; x_wconf 79' lang='lat' dir='ltr'>manere,</span> <span class='ocrx_word' id='word_1_21' title='bbox 470 739 561 780; x_wconf 89' lang='lat' dir='ltr'>tamen</span> <span class='ocrx_word' id='word_1_22' title='bbox 571 722 695 781; x_wconf 84' lang='lat' dir='ltr'>cumfirit</span> <span class='ocrx_word' id='word_1_23' title='bbox 705 744 814 800; x_wconf 77' lang='lat' dir='ltr'>ea‚quae</span> <span class='ocrx_word' id='word_1_24' title='bbox 821 738 999 781; x_wconf 85' lang='lat' dir='ltr'>moveantur.</span> 
     </span>
     <span class='ocr_line' id='line_1_5' title="bbox 245 803 865 880; baseline 0.002 -22"><span class='ocrx_word' id='word_1_25' title='bbox 245 803 322 859; x_wconf 84' lang='lat' dir='ltr'>His</span> <span class='ocrx_word' id='word_1_26' title='bbox 314 804 403 879; x_wconf 78' lang='lat' dir='ltr'>igitur</span> <span class='ocrx_word' id='word_1_27' title='bbox 416 806 500 861; x_wconf 79' lang='lat' dir='ltr'>rebus</span> <span class='ocrx_word' id='word_1_28' title='bbox 508 803 643 870; x_wconf 72' lang='lat' dir='ltr'>retradhs</span> <span class='ocrx_word' id='word_1_29' title='bbox 659 820 729 861; x_wconf 79' lang='lat' dir='ltr'>terra</span> <span class='ocrx_word' id='word_1_30' title='bbox 743 818 865 880; x_wconf 78' lang='lat' dir='ltr'>repente.</span> 
     </span>
    </p>

    <p class='ocr_par' dir='ltr' id='par_1_5' title="bbox 203 867 934 976">
     <span class='ocr_line' id='line_1_6' title="bbox 203 867 934 976; baseline 0.007 -39"><span class='ocrx_word' id='word_1_31' title='bbox 203 881 328 941; x_wconf 82' lang='lat' dir='ltr'>Maxima</span> <span class='ocrx_word' id='word_1_32' title='bbox 340 904 395 959; x_wconf 86' lang='lat' dir='ltr'>qua</span> <span class='ocrx_word' id='word_1_33' title='bbox 407 904 482 941; x_wconf 88' lang='lat' dir='ltr'>nunc</span> <span class='ocrx_word' id='word_1_34' title='bbox 496 885 521 940; x_wconf 83' lang='lat' dir='ltr'>se</span> <span class='ocrx_word' id='word_1_35' title='bbox 533 885 615 960; x_wconf 77' lang='lat' dir='ltr'>ponti</span> <span class='ocrx_word' id='word_1_36' title='bbox 630 886 711 976; x_wconf 85' lang='lat' dir='ltr'>plaga</span> <span class='ocrx_word' id='word_1_37' title='bbox 724 885 822 942; x_wconf 82' lang='lat' dir='ltr'>caerula</span> <span class='ocrx_word' id='word_1_38' title='bbox 836 867 934 952; x_wconf 81' lang='lat' dir='ltr'>tendit,</span> 
     </span>
    </p>

    <p class='ocr_par' dir='ltr' id='par_1_6' title="bbox 202 949 819 1042">
     <span class='ocr_line' id='line_1_7' title="bbox 202 949 819 1042; baseline 0.008 -25"><span class='ocrx_word' id='word_1_39' title='bbox 202 949 336 1030; x_wconf 75' lang='lat' dir='ltr'><strong>succidit,</strong></span> <span class='ocrx_word' id='word_1_40' title='bbox 351 979 378 1019; x_wconf 92' lang='lat' dir='ltr'>et</span> <span class='ocrx_word' id='word_1_41' title='bbox 391 964 457 1021; x_wconf 86' lang='lat' dir='ltr'>salso</span> <span class='ocrx_word' id='word_1_42' title='bbox 470 962 587 1021; x_wconf 84' lang='lat' dir='ltr'>suffudit</span> <span class='ocrx_word' id='word_1_43' title='bbox 600 965 711 1042; x_wconf 80' lang='lat' dir='ltr'>gurgite</span> <span class='ocrx_word' id='word_1_44' title='bbox 723 964 819 1021; x_wconf 73' lang='lat' dir='ltr'>fultas:</span> 
     </span>
    </p>

    <p class='ocr_par' dir='ltr' id='par_1_7' title="bbox 203 1042 920 1121">
     <span class='ocr_line' id='line_1_8' title="bbox 203 1042 920 1121; baseline 0.006 -25"><span class='ocrx_word' id='word_1_45' title='bbox 203 1042 365 1116; x_wconf 77' lang='lat' dir='ltr'>lnquetdies</span> <span class='ocrx_word' id='word_1_46' title='bbox 377 1059 483 1119; x_wconf 88' lang='lat' dir='ltr'>quanto</span> <span class='ocrx_word' id='word_1_47' title='bbox 495 1044 601 1101; x_wconf 82' lang='lat' dir='ltr'>circum</span> <span class='ocrx_word' id='word_1_48' title='bbox 613 1045 700 1121; x_wconf 85' lang='lat' dir='ltr'>magis</span> <span class='ocrx_word' id='word_1_49' title='bbox 712 1044 821 1102; x_wconf 82' lang='lat' dir='ltr'>aetheris</span> <span class='ocrx_word' id='word_1_50' title='bbox 833 1046 920 1112; x_wconf 80' lang='lat' dir='ltr'>aestus,</span> 
     </span>
    </p>

    <p class='ocr_par' dir='ltr' id='par_1_8' title="bbox 203 1124 804 1200">
     <span class='ocr_line' id='line_1_9' title="bbox 203 1124 804 1200; baseline 0.005 -23"><span class='ocrx_word' id='word_1_51' title='bbox 203 1124 237 1178; x_wconf 83' lang='lat' dir='ltr'>Et</span> <span class='ocrx_word' id='word_1_52' title='bbox 250 1125 323 1181; x_wconf 86' lang='lat' dir='ltr'>radii</span> <span class='ocrx_word' id='word_1_53' title='bbox 337 1124 399 1181; x_wconf 78' lang='lat' dir='ltr'>solis</span> <span class='ocrx_word' id='word_1_54' title='bbox 410 1126 545 1199; x_wconf 84' lang='lat' dir='ltr'>cogebant</span> <span class='ocrx_word' id='word_1_55' title='bbox 558 1124 683 1200; x_wconf 89' lang='lat' dir='ltr'>undique</span> <span class='ocrx_word' id='word_1_56' title='bbox 694 1141 804 1190; x_wconf 83' lang='lat' dir='ltr'>terram</span> 
     </span>
    </p>

    <p class='ocr_par' dir='ltr' id='par_1_9' title="bbox 202 1202 939 1280">
     <span class='ocr_line' id='line_1_10' title="bbox 202 1202 939 1280; baseline 0.004 -22"><span class='ocrx_word' id='word_1_57' title='bbox 202 1202 377 1260; x_wconf 79' lang='lat' dir='ltr'>Verberibus</span> <span class='ocrx_word' id='word_1_58' title='bbox 390 1206 494 1261; x_wconf 79' lang='lat' dir='ltr'>crebris</span> <span class='ocrx_word' id='word_1_59' title='bbox 507 1219 632 1262; x_wconf 84' lang='lat' dir='ltr'>extrema</span> <span class='ocrx_word' id='word_1_60' title='bbox 643 1205 680 1262; x_wconf 84' lang='lat' dir='ltr'>ad</span> <span class='ocrx_word' id='word_1_61' title='bbox 691 1206 793 1262; x_wconf 85' lang='lat' dir='ltr'>limina</span> <span class='ocrx_word' id='word_1_62' title='bbox 805 1220 939 1280; x_wconf 79' lang='lat' dir='ltr'>apertam,</span> 
     </span>
    </p>

    <p class='ocr_par' dir='ltr' id='par_1_10' title="bbox 201 1282 858 1361">
     <span class='ocr_line' id='line_1_11' title="bbox 201 1282 858 1361; baseline 0.003 -24"><span class='ocrx_word' id='word_1_63' title='bbox 201 1282 235 1338; x_wconf 90' lang='lat' dir='ltr'>In</span> <span class='ocrx_word' id='word_1_64' title='bbox 249 1284 343 1340; x_wconf 90' lang='lat' dir='ltr'>medio</span> <span class='ocrx_word' id='word_1_65' title='bbox 357 1298 388 1339; x_wconf 90' lang='lat' dir='ltr'>ut</span> <span class='ocrx_word' id='word_1_66' title='bbox 401 1283 535 1361; x_wconf 81' lang='lat' dir='ltr'>propulsa</span> <span class='ocrx_word' id='word_1_67' title='bbox 549 1284 597 1341; x_wconf 78' lang='lat' dir='ltr'>suo</span> <span class='ocrx_word' id='word_1_68' title='bbox 610 1284 747 1342; x_wconf 81' lang='lat' dir='ltr'>condensa</span> <span class='ocrx_word' id='word_1_69' title='bbox 756 1284 858 1340; x_wconf 89' lang='lat' dir='ltr'>coiret·</span> 
     </span>
    </p>

    <p class='ocr_par' dir='ltr' id='par_1_11' title="bbox 200 1360 894 1439">
     <span class='ocr_line' id='line_1_12' title="bbox 200 1360 894 1439; baseline -0.001 -20"><span class='ocrx_word' id='word_1_70' title='bbox 200 1362 271 1420; x_wconf 89' lang='lat' dir='ltr'>Tam</span> <span class='ocrx_word' id='word_1_71' title='bbox 285 1364 374 1439; x_wconf 80' lang='lat' dir='ltr'>magis</span> <span class='ocrx_word' id='word_1_72' title='bbox 387 1360 527 1439; x_wconf 77' lang='lat' dir='ltr'>expreffus</span> <span class='ocrx_word' id='word_1_73' title='bbox 541 1363 623 1420; x_wconf 83' lang='lat' dir='ltr'>salsus</span> <span class='ocrx_word' id='word_1_74' title='bbox 634 1365 669 1422; x_wconf 87' lang='lat' dir='ltr'>de</span> <span class='ocrx_word' id='word_1_75' title='bbox 682 1382 798 1439; x_wconf 87' lang='lat' dir='ltr'>corpore</span> <span class='ocrx_word' id='word_1_76' title='bbox 811 1362 894 1420; x_wconf 84' lang='lat' dir='ltr'>sudor</span> 
     </span>
    </p>

    <p class='ocr_par' dir='ltr' id='par_1_12' title="bbox 201 1442 928 1519">
     <span class='ocr_line' id='line_1_13' title="bbox 201 1442 928 1519; baseline 0.001 -20"><span class='ocrx_word' id='word_1_77' title='bbox 201 1445 332 1519; x_wconf 77' lang='lat' dir='ltr'>Augebat</span> <span class='ocrx_word' id='word_1_78' title='bbox 343 1463 419 1506; x_wconf 79' lang='lat' dir='ltr'>mare</span> <span class='ocrx_word' id='word_1_79' title='bbox 431 1442 581 1507; x_wconf 86' lang='lat' dir='ltr'>manando</span> <span class='ocrx_word' id='word_1_80' title='bbox 597 1444 764 1519; x_wconf 79' lang='lat' dir='ltr'>camposque</span> <span class='ocrx_word' id='word_1_81' title='bbox 777 1444 928 1501; x_wconf 81' lang='lat' dir='ltr'>natanteis:</span> 
     </span>
    </p>

    <p class='ocr_par' dir='ltr' id='par_1_13' title="bbox 201 1522 808 1598">
     <span class='ocr_line' id='line_1_14' title="bbox 201 1522 808 1598; baseline 0.003 -21"><span class='ocrx_word' id='word_1_82' title='bbox 201 1523 234 1577; x_wconf 86' lang='lat' dir='ltr'>Et</span> <span class='ocrx_word' id='word_1_83' title='bbox 246 1524 424 1597; x_wconf 80' lang='lat' dir='ltr'>tantomagis</span> <span class='ocrx_word' id='word_1_84' title='bbox 436 1523 484 1578; x_wconf 82' lang='lat' dir='ltr'>ina</span> <span class='ocrx_word' id='word_1_85' title='bbox 496 1522 569 1579; x_wconf 80' lang='lat' dir='ltr'>foras</span> <span class='ocrx_word' id='word_1_86' title='bbox 578 1523 669 1598; x_wconf 78' lang='lat' dir='ltr'>elapsa</span> <span class='ocrx_word' id='word_1_87' title='bbox 677 1523 808 1580; x_wconf 85' lang='lat' dir='ltr'>volabant</span> 
     </span>
    </p>

    <p class='ocr_par' dir='ltr' id='par_1_14' title="bbox 202 1603 903 1694">
     <span class='ocr_line' id='line_1_15' title="bbox 202 1603 903 1694; baseline 0.001 -36"><span class='ocrx_word' id='word_1_88' title='bbox 202 1605 331 1679; x_wconf 81' lang='lat' dir='ltr'>Corpora</span> <span class='ocrx_word' id='word_1_89' title='bbox 344 1605 432 1659; x_wconf 85' lang='lat' dir='ltr'>multa</span> <span class='ocrx_word' id='word_1_90' title='bbox 443 1603 571 1694; x_wconf 66' lang='grc' dir='ltr'>Ιιιιιιιιιὶιἰ</span> <span class='ocrx_word' id='word_1_91' title='bbox 584 1616 612 1659; x_wconf 88' lang='lat' dir='ltr'>et</span> <span class='ocrx_word' id='word_1_92' title='bbox 623 1603 704 1669; x_wconf 78' lang='lat' dir='ltr'>aeris,</span> <span class='ocrx_word' id='word_1_93' title='bbox 719 1605 827 1679; x_wconf 81' lang='lat' dir='ltr'>altaque</span> <span class='ocrx_word' id='word_1_94' title='bbox 839 1603 903 1659; x_wconf 84' lang='lat' dir='ltr'>coeli</span> 
     </span>
    </p>

    <p class='ocr_par' dir='ltr' id='par_1_15' title="bbox 199 1680 944 1760">
     <span class='ocr_line' id='line_1_16' title="bbox 199 1680 944 1760; baseline 0.007 -21"><span class='ocrx_word' id='word_1_95' title='bbox 199 1683 357 1740; x_wconf 84' lang='lat' dir='ltr'>Densebant</span> <span class='ocrx_word' id='word_1_96' title='bbox 365 1682 466 1759; x_wconf 87' lang='lat' dir='ltr'>procul</span> <span class='ocrx_word' id='word_1_97' title='bbox 479 1704 495 1740; x_wconf 85' lang='lat' dir='ltr'>a</span> <span class='ocrx_word' id='word_1_98' title='bbox 508 1682 588 1739; x_wconf 75' lang='lat' dir='ltr'>terrie</span> <span class='ocrx_word' id='word_1_99' title='bbox 601 1680 739 1760; x_wconf 80' lang='lat' dir='ltr'>fulgentia</span> <span class='ocrx_word' id='word_1_100' title='bbox 751 1685 871 1758; x_wconf 82' lang='lat' dir='ltr'>templa·</span> <span class='ocrx_word' id='word_1_101' title='bbox 942 1739 944 1744; x_wconf 93' lang='lat'><em>.</em></span> 
     </span>
    </p>

    <p class='ocr_par' dir='ltr' id='par_1_16' title="bbox 200 1762 848 1838">
     <span class='ocr_line' id='line_1_17' title="bbox 200 1762 848 1838; baseline 0.002 -18"><span class='ocrx_word' id='word_1_102' title='bbox 200 1763 331 1821; x_wconf 87' lang='lat' dir='ltr'>Sidebant</span> <span class='ocrx_word' id='word_1_103' title='bbox 345 1763 450 1838; x_wconf 79' lang='lat' dir='ltr'>campi,</span> <span class='ocrx_word' id='word_1_104' title='bbox 462 1762 616 1819; x_wconf 86' lang='lat' dir='ltr'>crescebant</span> <span class='ocrx_word' id='word_1_105' title='bbox 628 1764 772 1820; x_wconf 74' lang='lat' dir='ltr'>montibus</span> <span class='ocrx_word' id='word_1_106' title='bbox 784 1763 848 1821; x_wconf 72' lang='lat' dir='ltr'>altis</span> 
     </span>
    </p>

    <p class='ocr_par' dir='ltr' id='par_1_17' title="bbox 200 1828 985 1917">
     <span class='ocr_line' id='line_1_18' title="bbox 200 1828 985 1917; baseline 0.003 -17"><span class='ocrx_word' id='word_1_107' title='bbox 200 1842 351 1900; x_wconf 81' lang='lat' dir='ltr'>Ascensust</span> <span class='ocrx_word' id='word_1_108' title='bbox 367 1843 544 1916; x_wconf 87' lang='lat' dir='ltr'>nequeenim</span> <span class='ocrx_word' id='word_1_109' title='bbox 558 1857 686 1917; x_wconf 86' lang='lat' dir='ltr'>poterant</span> <span class='ocrx_word' id='word_1_110' title='bbox 698 1843 831 1900; x_wconf 83' lang='lat' dir='ltr'>subfidere</span> <span class='ocrx_word' id='word_1_111' title='bbox 844 1828 917 1913; x_wconf 80' lang='lat' dir='ltr'>saxa,</span> <span class='ocrx_word' id='word_1_112' title='bbox 981 1903 985 1910; x_wconf 79' lang='grc'><em>,</em></span> 
     </span>
    </p>

    <p class='ocr_par' dir='ltr' id='par_1_18' title="bbox 200 1922 958 2002">
     <span class='ocr_line' id='line_1_19' title="bbox 200 1922 958 2002; baseline 0.004 -21"><span class='ocrx_word' id='word_1_113' title='bbox 200 1925 256 1981; x_wconf 91' lang='lat' dir='ltr'>Nec</span> <span class='ocrx_word' id='word_1_114' title='bbox 266 1925 373 2000; x_wconf 82' lang='lat' dir='ltr'>pariter</span> <span class='ocrx_word' id='word_1_115' title='bbox 386 1922 547 1990; x_wconf 82' lang='lat' dir='ltr'>tantundem</span> <span class='ocrx_word' id='word_1_116' title='bbox 559 1941 656 1982; x_wconf 79' lang='lat' dir='ltr'>omnes</span> <span class='ocrx_word' id='word_1_117' title='bbox 669 1923 842 1994; x_wconf 66' lang='lat' dir='ltr'>succumbere</span> <span class='ocrx_word' id='word_1_118' title='bbox 855 1941 958 2002; x_wconf 72' lang='lat' dir='ltr'>partes</span> 
     </span>
    </p>

    <p class='ocr_par' dir='ltr' id='par_1_19' title="bbox 201 2003 823 2080">
     <span class='ocr_line' id='line_1_20' title="bbox 201 2003 823 2080; baseline -0.005 -17"><span class='ocrx_word' id='word_1_119' title='bbox 201 2004 263 2063; x_wconf 76' lang='lat' dir='ltr'>Sic</span> <span class='ocrx_word' id='word_1_120' title='bbox 256 2005 352 2079; x_wconf 78' lang='lat' dir='ltr'>egitur</span> <span class='ocrx_word' id='word_1_121' title='bbox 360 2018 437 2059; x_wconf 84' lang='lat' dir='ltr'>terrae</span> <span class='ocrx_word' id='word_1_122' title='bbox 447 2019 577 2061; x_wconf 86' lang='lat' dir='ltr'>concreto</span> <span class='ocrx_word' id='word_1_123' title='bbox 585 2024 704 2080; x_wconf 88' lang='lat' dir='ltr'>corpore</span> <span class='ocrx_word' id='word_1_124' title='bbox 713 2003 823 2079; x_wconf 80' lang='lat' dir='ltr'>pondus</span> 
     </span>
    </p>
   </div>
   <div class='ocr_carea' id='block_1_3' title="bbox 201 2083 950 2220">
    <p class='ocr_par' dir='ltr' id='par_1_20' title="bbox 201 2083 950 2220">
     <span class='ocr_line' id='line_1_21' title="bbox 201 2083 950 2220; baseline 0.004 -81"><span class='ocrx_word' id='word_1_125' title='bbox 201 2084 347 2149; x_wconf 49' lang='lat' dir='ltr'>Constitits</span> <span class='ocrx_word' id='word_1_126' title='bbox 344 2085 734 2229; x_wconf 70' lang='lat' dir='ltr'>atqueomnrsmundipuafi</span> <span class='ocrx_word' id='word_1_127' title='bbox 719 2083 950 2142; x_wconf 78' lang='lat' dir='ltr'>ilimusinimum</span> 
     </span>
    </p>
   </div>
   <div class='ocr_carea' id='block_1_4' title="bbox 195 2162 977 3362">
    <p class='ocr_par' dir='ltr' id='par_1_21' title="bbox 201 2162 949 2247">
     <span class='ocr_line' id='line_1_22' title="bbox 201 2162 949 2247; baseline 0.004 -29"><span class='ocrx_word' id='word_1_128' title='bbox 201 2162 348 2221; x_wconf 72' lang='lat' dir='ltr'>confluxit</span> <span class='ocrx_word' id='word_1_129' title='bbox 363 2164 466 2238; x_wconf 80' lang='lat' dir='ltr'>gravis,</span> <span class='ocrx_word' id='word_1_130' title='bbox 482 2180 508 2220; x_wconf 87' lang='lat' dir='ltr'>et</span> <span class='ocrx_word' id='word_1_131' title='bbox 521 2164 641 2222; x_wconf 82' lang='lat' dir='ltr'>subsedit</span> <span class='ocrx_word' id='word_1_132' title='bbox 667 2164 792 2230; x_wconf 77' lang='lat' dir='ltr'>unditus,</span> <span class='ocrx_word' id='word_1_133' title='bbox 806 2178 839 2220; x_wconf 83' lang='lat' dir='ltr'>ut</span> <span class='ocrx_word' id='word_1_134' title='bbox 852 2162 949 2247; x_wconf 43' lang='lat' dir='ltr'>sem,</span> 
     </span>
    </p>

    <p class='ocr_par' dir='ltr' id='par_1_22' title="bbox 199 2241 881 2320">
     <span class='ocr_line' id='line_1_23' title="bbox 199 2241 881 2320; baseline 0.004 -22"><span class='ocrx_word' id='word_1_135' title='bbox 199 2243 267 2301; x_wconf 86' lang='lat' dir='ltr'>lude</span> <span class='ocrx_word' id='word_1_136' title='bbox 279 2263 365 2310; x_wconf 84' lang='lat' dir='ltr'>mare,</span> <span class='ocrx_word' id='word_1_137' title='bbox 380 2244 444 2300; x_wconf 88' lang='lat' dir='ltr'>inde</span> <span class='ocrx_word' id='word_1_138' title='bbox 456 2263 511 2310; x_wconf 86' lang='lat' dir='ltr'>aer,</span> <span class='ocrx_word' id='word_1_139' title='bbox 526 2244 592 2301; x_wconf 90' lang='lat' dir='ltr'>inde</span> <span class='ocrx_word' id='word_1_140' title='bbox 603 2243 686 2300; x_wconf 84' lang='lat' dir='ltr'>aether</span> <span class='ocrx_word' id='word_1_141' title='bbox 694 2241 799 2320; x_wconf 86' lang='lat' dir='ltr'>ignifer</span> <span class='ocrx_word' id='word_1_142' title='bbox 809 2243 881 2320; x_wconf 89' lang='lat' dir='ltr'>ipse</span> 
     </span>
    </p>

    <p class='ocr_par' dir='ltr' id='par_1_23' title="bbox 200 2323 887 2401">
     <span class='ocr_line' id='line_1_24' title="bbox 200 2323 887 2401; baseline 0.006 -23"><span class='ocrx_word' id='word_1_143' title='bbox 200 2324 501 2401; x_wconf 79' lang='lat' dir='ltr'>Corporibusliquidis</span> <span class='ocrx_word' id='word_1_144' title='bbox 511 2324 574 2380; x_wconf 87' lang='lat' dir='ltr'>sunt</span> <span class='ocrx_word' id='word_1_145' title='bbox 587 2325 681 2382; x_wconf 83' lang='lat' dir='ltr'>omnia</span> <span class='ocrx_word' id='word_1_146' title='bbox 695 2345 767 2400; x_wconf 83' lang='lat' dir='ltr'>pura</span> <span class='ocrx_word' id='word_1_147' title='bbox 779 2323 887 2391; x_wconf 64' lang='lat' dir='ltr'>relide.</span> 
     </span>
    </p>

    <p class='ocr_par' dir='ltr' id='par_1_24' title="bbox 200 2403 876 2480">
     <span class='ocr_line' id='line_1_25' title="bbox 200 2403 876 2480; baseline 0.004 -21"><span class='ocrx_word' id='word_1_148' title='bbox 200 2405 233 2459; x_wconf 91' lang='lat' dir='ltr'>Et</span> <span class='ocrx_word' id='word_1_149' title='bbox 245 2405 352 2461; x_wconf 87' lang='lat' dir='ltr'>leviora</span> <span class='ocrx_word' id='word_1_150' title='bbox 364 2403 426 2460; x_wconf 79' lang='lat' dir='ltr'>aliis</span> <span class='ocrx_word' id='word_1_151' title='bbox 438 2405 508 2460; x_wconf 88' lang='lat' dir='ltr'>alia:</span> <span class='ocrx_word' id='word_1_152' title='bbox 531 2420 559 2460; x_wconf 86' lang='lat' dir='ltr'>et</span> <span class='ocrx_word' id='word_1_153' title='bbox 571 2405 768 2480; x_wconf 83' lang='lat' dir='ltr'>liquidiffimus</span> <span class='ocrx_word' id='word_1_154' title='bbox 781 2403 876 2473; x_wconf 74' lang='lat' dir='ltr'>aether,</span> 
     </span>
    </p>

    <p class='ocr_par' dir='ltr' id='par_1_25' title="bbox 201 2483 905 2560">
     <span class='ocr_line' id='line_1_26' title="bbox 201 2483 863 2560; baseline 0.001 -20"><span class='ocrx_word' id='word_1_155' title='bbox 201 2486 294 2560; x_wconf 83' lang='lat' dir='ltr'>Atque</span> <span class='ocrx_word' id='word_1_156' title='bbox 306 2483 457 2540; x_wconf 76' lang='lat' dir='ltr'>leriffimur</span> <span class='ocrx_word' id='word_1_157' title='bbox 469 2484 553 2541; x_wconf 81' lang='lat' dir='ltr'>aerias</span> <span class='ocrx_word' id='word_1_158' title='bbox 562 2485 646 2560; x_wconf 81' lang='lat' dir='ltr'>super</span> <span class='ocrx_word' id='word_1_159' title='bbox 657 2485 754 2543; x_wconf 77' lang='lat' dir='ltr'>influit</span> <span class='ocrx_word' id='word_1_160' title='bbox 765 2505 863 2555; x_wconf 60' lang='lat' dir='ltr'>auran</span> 
     </span>
    </p>

    <p class='ocr_par' dir='ltr' id='par_1_26' title="bbox 200 2563 879 2641">
     <span class='ocr_line' id='line_1_27' title="bbox 200 2563 879 2641; baseline -0.003 -21"><span class='ocrx_word' id='word_1_161' title='bbox 200 2565 257 2621; x_wconf 85' lang='lat' dir='ltr'>Nee</span> <span class='ocrx_word' id='word_1_162' title='bbox 271 2563 413 2639; x_wconf 87' lang='lat' dir='ltr'>liquidum</span> <span class='ocrx_word' id='word_1_163' title='bbox 426 2583 529 2641; x_wconf 84' lang='lat' dir='ltr'>corpus</span> <span class='ocrx_word' id='word_1_164' title='bbox 542 2564 879 2621; x_wconf 80' lang='lat' dir='ltr'>turbantibusaerisauris</span> 
     </span>
    </p>

    <p class='ocr_par' dir='ltr' id='par_1_27' title="bbox 200 2643 859 2717">
     <span class='ocr_line' id='line_1_28' title="bbox 200 2643 859 2717; baseline -0.002 -19"><span class='ocrx_word' id='word_1_165' title='bbox 200 2643 380 2701; x_wconf 85' lang='lat' dir='ltr'>Commiscet:</span> <span class='ocrx_word' id='word_1_166' title='bbox 405 2644 467 2701; x_wconf 83' lang='lat' dir='ltr'>finit</span> <span class='ocrx_word' id='word_1_167' title='bbox 476 2644 534 2701; x_wconf 84' lang='lat' dir='ltr'>haec</span> <span class='ocrx_word' id='word_1_168' title='bbox 546 2645 676 2702; x_wconf 80' lang='lat' dir='ltr'>violentis</span> <span class='ocrx_word' id='word_1_169' title='bbox 683 2645 779 2701; x_wconf 83' lang='lat' dir='ltr'>omnir.</span> <span class='ocrx_word' id='word_1_170' title='bbox 788 2644 859 2717; x_wconf 81' lang='lat' dir='ltr'>verti</span> 
     </span>
    </p>

    <p class='ocr_par' dir='ltr' id='par_1_28' title="bbox 198 2723 875 2799">
     <span class='ocr_line' id='line_1_29' title="bbox 198 2723 875 2799; baseline 0.003 -20"><span class='ocrx_word' id='word_1_171' title='bbox 198 2723 386 2794; x_wconf 82' lang='lat' dir='ltr'>Turbiuibus:</span> <span class='ocrx_word' id='word_1_172' title='bbox 411 2724 595 2783; x_wconf 77' lang='lat' dir='ltr'>{initincertis</span> <span class='ocrx_word' id='word_1_173' title='bbox 608 2725 718 2782; x_wconf 86' lang='lat' dir='ltr'>turbare</span> <span class='ocrx_word' id='word_1_174' title='bbox 730 2723 875 2799; x_wconf 84' lang='lat' dir='ltr'>procellis:</span> 
     </span>
    </p>

    <p class='ocr_par' dir='ltr' id='par_1_29' title="bbox 197 2803 871 2880">
     <span class='ocr_line' id='line_1_30' title="bbox 197 2803 871 2880; baseline -0.001 -22"><span class='ocrx_word' id='word_1_175' title='bbox 197 2804 257 2880; x_wconf 78' lang='lat' dir='ltr'>lpse</span> <span class='ocrx_word' id='word_1_176' title='bbox 269 2803 332 2860; x_wconf 80' lang='lat' dir='ltr'>suos</span> <span class='ocrx_word' id='word_1_177' title='bbox 346 2804 434 2878; x_wconf 84' lang='lat' dir='ltr'>igneis</span> <span class='ocrx_word' id='word_1_178' title='bbox 447 2820 520 2861; x_wconf 85' lang='lat' dir='ltr'>certo</span> <span class='ocrx_word' id='word_1_179' title='bbox 534 2803 588 2863; x_wconf 82' lang='lat' dir='ltr'>fert</span> <span class='ocrx_word' id='word_1_180' title='bbox 600 2805 704 2880; x_wconf 90' lang='lat' dir='ltr'>impete</span> <span class='ocrx_word' id='word_1_181' title='bbox 717 2804 821 2861; x_wconf 84' lang='lat' dir='ltr'>labeus.</span> <span class='ocrx_word' id='word_1_182' title='bbox 869 2849 871 2852; x_wconf 95' lang='lat'>.</span> 
     </span>
    </p>

    <p class='ocr_par' dir='ltr' id='par_1_30' title="bbox 199 2882 958 2961">
     <span class='ocr_line' id='line_1_31' title="bbox 199 2882 958 2961; baseline 0.003 -21"><span class='ocrx_word' id='word_1_183' title='bbox 199 2884 269 2941; x_wconf 81' lang='lat' dir='ltr'>Nam</span> <span class='ocrx_word' id='word_1_184' title='bbox 283 2884 393 2940; x_wconf 84' lang='lat' dir='ltr'>modice</span> <span class='ocrx_word' id='word_1_185' title='bbox 406 2885 503 2953; x_wconf 85' lang='lat' dir='ltr'>fluere,</span> <span class='ocrx_word' id='word_1_186' title='bbox 517 2899 600 2961; x_wconf 83' lang='lat' dir='ltr'>atque</span> <span class='ocrx_word' id='word_1_187' title='bbox 612 2905 671 2941; x_wconf 88' lang='lat' dir='ltr'>uno</span> <span class='ocrx_word' id='word_1_188' title='bbox 685 2883 758 2960; x_wconf 78' lang='lat' dir='ltr'>poise</span> <span class='ocrx_word' id='word_1_189' title='bbox 772 2882 870 2941; x_wconf 83' lang='lat' dir='ltr'>aethera</span> <span class='ocrx_word' id='word_1_190' title='bbox 882 2885 958 2953; x_wconf 82' lang='lat' dir='ltr'>nisu,</span> 
     </span>
    </p>

    <p class='ocr_par' dir='ltr' id='par_1_31' title="bbox 198 2959 868 3041">
     <span class='ocr_line' id='line_1_32' title="bbox 198 2959 868 3041; baseline 0.004 -22"><span class='ocrx_word' id='word_1_191' title='bbox 198 2965 339 3041; x_wconf 86' lang='lat' dir='ltr'>Significat</span> <span class='ocrx_word' id='word_1_192' title='bbox 350 2965 431 3040; x_wconf 85' lang='lat' dir='ltr'>ponti</span> <span class='ocrx_word' id='word_1_193' title='bbox 444 2984 532 3030; x_wconf 86' lang='lat' dir='ltr'>mare,</span> <span class='ocrx_word' id='word_1_194' title='bbox 546 2959 621 3023; x_wconf 70' lang='lat' dir='ltr'>certo</span> <span class='ocrx_word' id='word_1_195' title='bbox 634 2965 711 3041; x_wconf 90' lang='lat' dir='ltr'>quod</span> <span class='ocrx_word' id='word_1_196' title='bbox 721 2964 785 3022; x_wconf 80' lang='lat' dir='ltr'>fluit</span> <span class='ocrx_word' id='word_1_197' title='bbox 795 2965 868 3033; x_wconf 73' lang='lat' dir='ltr'>estu,</span> 
     </span>
    </p>

    <p class='ocr_par' dir='ltr' id='par_1_32' title="bbox 198 3043 977 3200">
     <span class='ocr_line' id='line_1_33' title="bbox 198 3043 836 3122; baseline 0.002 -21"><span class='ocrx_word' id='word_1_198' title='bbox 198 3043 293 3102; x_wconf 84' lang='lat' dir='ltr'>Unum</span> <span class='ocrx_word' id='word_1_199' title='bbox 308 3044 420 3103; x_wconf 81' lang='lat' dir='ltr'>labendi</span> <span class='ocrx_word' id='word_1_200' title='bbox 430 3046 593 3101; x_wconf 80' lang='lat' dir='ltr'>conservans</span> <span class='ocrx_word' id='word_1_201' title='bbox 607 3045 691 3122; x_wconf 82' lang='lat' dir='ltr'>usque</span> <span class='ocrx_word' id='word_1_202' title='bbox 702 3061 836 3102; x_wconf 88' lang='lat' dir='ltr'>tenorem.</span> 
     </span>
     <span class='ocr_line' id='line_1_34' title="bbox 227 3123 977 3200; baseline 0.005 -20"><span class='ocrx_word' id='word_1_203' title='bbox 227 3126 367 3182; x_wconf 83' lang='lat' dir='ltr'>&#39;Motibus</span> <span class='ocrx_word' id='word_1_204' title='bbox 378 3123 513 3182; x_wconf 80' lang='lat' dir='ltr'>astrorum</span> <span class='ocrx_word' id='word_1_205' title='bbox 526 3146 602 3182; x_wconf 87' lang='lat' dir='ltr'>nunc</span> <span class='ocrx_word' id='word_1_206' title='bbox 615 3146 675 3200; x_wconf 84' lang='lat' dir='ltr'>quae</span> <span class='ocrx_word' id='word_1_207' title='bbox 689 3125 719 3181; x_wconf 81' lang='lat' dir='ltr'>[it</span> <span class='ocrx_word' id='word_1_208' title='bbox 732 3126 821 3192; x_wconf 80' lang='lat' dir='ltr'>causa,</span> <span class='ocrx_word' id='word_1_209' title='bbox 835 3147 977 3184; x_wconf 77' lang='lat' dir='ltr'>canamus.</span> 
     </span>
    </p>

    <p class='ocr_par' dir='ltr' id='par_1_33' title="bbox 196 3202 829 3281">
     <span class='ocr_line' id='line_1_35' title="bbox 196 3202 829 3281; baseline 0.002 -21"><span class='ocrx_word' id='word_1_210' title='bbox 196 3202 354 3280; x_wconf 87' lang='lat' dir='ltr'>Principi0,</span> <span class='ocrx_word' id='word_1_211' title='bbox 369 3224 485 3281; x_wconf 86' lang='lat' dir='ltr'>magnus</span> <span class='ocrx_word' id='word_1_212' title='bbox 498 3206 559 3262; x_wconf 86' lang='lat' dir='ltr'>coeli</span> <span class='ocrx_word' id='word_1_213' title='bbox 573 3206 590 3262; x_wconf 83' lang='lat' dir='ltr'>fi</span> <span class='ocrx_word' id='word_1_214' title='bbox 607 3206 727 3263; x_wconf 85' lang='lat' dir='ltr'>vertitur</span> <span class='ocrx_word' id='word_1_215' title='bbox 738 3206 829 3261; x_wconf 87' lang='lat' dir='ltr'>orbis.</span> 
     </span>
    </p>

    <p class='ocr_par' dir='ltr' id='par_1_34' title="bbox 195 3284 867 3362">
     <span class='ocr_line' id='line_1_36' title="bbox 195 3284 867 3362; baseline 0.003 -22"><span class='ocrx_word' id='word_1_216' title='bbox 195 3284 238 3340; x_wconf 85' lang='lat' dir='ltr'>Ex</span> <span class='ocrx_word' id='word_1_217' title='bbox 251 3300 368 3359; x_wconf 85' lang='lat' dir='ltr'>utraque</span> <span class='ocrx_word' id='word_1_218' title='bbox 381 3285 479 3360; x_wconf 84' lang='lat' dir='ltr'>polum</span> <span class='ocrx_word' id='word_1_219' title='bbox 490 3285 562 3361; x_wconf 88' lang='lat' dir='ltr'>parti</span> <span class='ocrx_word' id='word_1_220' title='bbox 574 3305 697 3362; x_wconf 89' lang='lat' dir='ltr'>premere</span> <span class='ocrx_word' id='word_1_221' title='bbox 711 3304 771 3341; x_wconf 88' lang='lat' dir='ltr'>aera</span> <span class='ocrx_word' id='word_1_222' title='bbox 786 3286 867 3343; x_wconf 91' lang='lat' dir='ltr'>nobis</span> 
     </span>
    </p>
   </div>
   <div class='ocr_carea' id='block_1_5' title="bbox 194 3346 988 3502">
    <p class='ocr_par' dir='ltr' id='par_1_35' title="bbox 194 3346 988 3502">
     <span class='ocr_line' id='line_1_37' title="bbox 194 3346 988 3500; baseline 0.003 -81"><span class='ocrx_word' id='word_1_223' title='bbox 194 3360 360 3422; x_wconf 85' lang='lat' dir='ltr'>Dicendum</span> <span class='ocrx_word' id='word_1_224' title='bbox 364 3364 384 3420; x_wconf 80' lang='lat' dir='ltr'>st</span> <span class='ocrx_word' id='word_1_225' title='bbox 388 3381 536 3442; x_wconf 78' lang='lat' dir='ltr'>,extraque</span> <span class='ocrx_word' id='word_1_226' title='bbox 545 3381 647 3432; x_wconf 86' lang='lat' dir='ltr'>tenere,</span> <span class='ocrx_word' id='word_1_227' title='bbox 657 3380 682 3422; x_wconf 87' lang='lat' dir='ltr'>et</span> <span class='ocrx_word' id='word_1_228' title='bbox 691 3366 817 3424; x_wconf 88' lang='lat' dir='ltr'>claudere</span> <span class='ocrx_word' id='word_1_229' title='bbox 828 3366 974 3500; x_wconf 46' lang='grc' dir='ltr'>ιιιιίιιιξιιῗ</span> <span class='ocrx_word' id='word_1_230' title='bbox 986 3346 988 3353; x_wconf 38' lang='lat'><strong>¹</strong></span> 
     </span>
     <span class='ocr_line' id='line_1_38' title="bbox 925 3462 984 3502; baseline 0.051 -3"><span class='ocrx_word' id='word_1_231' title='bbox 925 3464 949 3499; x_wconf 82' lang='grc' dir='ltr'>ιι</span> <span class='ocrx_word' id='word_1_232' title='bbox 966 3462 984 3502; x_wconf 71' lang='lat' dir='ltr'>t</span> 
     </span>
    </p>
   </div>
   <div class='ocr_carea' id='block_1_6' title="bbox 0 0 1184 3875">
    <p class='ocr_par' dir='ltr' id='par_1_36' title="bbox 0 0 1184 3875">
     <span class='ocr_line' id='line_1_39' title="bbox 0 0 1184 3875; baseline 0 2"><span class='ocrx_word' id='word_1_233' title='bbox 0 0 1184 3875; x_wconf 95' lang='lat' dir='ltr'> </span> 
     </span>
    </p>
   </div>
  </div>
 </body>
</html>
