2359 3875
212 451 281 525 1⁵4
366 429 851 502 ἰιι-ισιιιιιι

200 562 255 620 Vis
266 564 373 632 eadem,
388 563 484 641 supera
497 577 582 620 terras
595 584 656 640 quae
676 564 793 641 pertulit
805 564 917 621 orbem.

223 646 405 723 Tempore
397 661 464 701 rtem
474 660 548 701 certo
561 645 663 701 roseam
676 660 782 702 matuta
794 665 845 721 per
856 664 920 702 oras

202 724 322 781 AEtheris
334 745 464 802 auroram
476 724 574 792 desert,
589 741 617 781 et
630 726 739 784 lumine
751 726 863 800 pandit,

201 805 263 862 Aut
276 806 343 881 quia
353 805 391 861 sol
405 805 480 861 idem
494 806 544 861 sub
559 821 641 862 terras
654 806 700 862 ille
714 821 851 862 revertens

75 913 81 924 =
160 891 163 898 '
200 886 352 961 Antrcrpat
363 887 464 942 coelum
475 886 560 941 radns
572 886 720 942 accendere
736 901 857 941 tentans.

202 965 265 1023 Aut
277 967 344 1040 quia
356 966 529 1022 conveniunt
538 967 627 1042 ignes,
639 981 666 1022 et
678 965 782 1023 semina
790 968 879 1024 multa

202 1046 354 1102 Confluere
366 1046 473 1102 ardoris
485 1047 653 1103 consuerunt
666 1062 790 1121 tempore
803 1062 890 1112 certo,

203 1128 276 1203 Qpae
290 1125 396 1181 faciunt
409 1126 473 1183 solis
484 1145 557 1182 nova
572 1126 676 1201 semper
687 1127 795 1183 sumina
808 1128 902 1202 gigni.

202 1206 292 1281 Quod
305 1225 391 1281 genus
404 1207 485 1263 Idaeir
499 1203 628 1262 sama'ste
642 1207 785 1263 montibus
797 1208 861 1262 aitis

201 1286 346 1362 Dispersss
358 1286 446 1363 igneis
459 1288 563 1343 orienti
577 1287 786 1344 luminecernit

108 1376 115 1389 ·
203 1366 275 1423 Inde
287 1366 361 1423 coire
375 1370 490 1444 globum
503 1367 576 1440 quasi
590 1368 621 1423 in
635 1387 735 1434 unum,
749 1381 777 1422 et
794 1366 928 1446 conficere
941 1386 986 1425 or-

267 1449 359 1503 bem.

244 1529 304 1584 Nec
317 1542 407 1584 tamen
422 1526 514 1584 illud
506 1547 537 1584 ιιι
551 1525 596 1584 his
609 1528 691 1582 rebus
703 1527 830 1585 mirabile
843 1528 925 1584 debet

127 1655 130 1660 .
201 1607 272 1673 Esse
289 1608 365 1681 quod
377 1606 455 1663 haec'
447 1608 522 1686 ignia
536 1621 590 1662 tam
603 1623 677 1663 certo
692 1623 817 1685 tempore
832 1607 934 1684 possint

201 1689 313 1744 Semina
325 1687 474 1752 confluere,
490 1706 517 1744 et
531 1686 595 1744 solis
610 1707 737 1763 reparare
749 1688 880 1744 nitorem.
931 1708 933 1714 ·

200 1768 291 1824 Multa
305 1766 433 1824 videmur
445 1770 534 1830 euim,
548 1783 624 1824 certo
636 1788 697 1843 quae
711 1782 836 1850 tempore
849 1769 946 1826 fiunt

202 1846 367 1903 Omnibus
359 1867 390 1903 ιιι
405 1849 501 1905 rebus:
519 1848 666 1905 florescunt
677 1864 800 1923 tempore
813 1863 889 1905 certo

201 1927 334 1993 Arbusta,
350 1942 378 1984 et
389 1943 463 1986 certo
476 1928 625 1985 dimittunt
639 1944 764 2004 ternpore
776 1929 887 1987 florem.
956 1946 959 1959 ·

197 2011 257 2066 Nee
266 2011 361 2067 minus
374 2010 406 2066 in
414 2022 488 2066 certo
500 2008 607 2066 denteis
616 2008 732 2065 eadere'
725 2025 845 2086 imperat
858 2022 920 2067 aetzu

194 2090 349 2165 Tempore,
364 2105 391 2146 et
403 2090 548 2166 impubem
559 2091 640 2145 molli
654 2090 802 2163 pubescere
815 2089 906 2161 veste,

198 2171 236 2226 Et
247 2172 353 2245 pariter
367 2172 482 2226 mollem
495 2172 575 2225 malis
587 2169 732 2225 demittere
745 2169 873 2227 harbaum

197 2251 329 2307 Fulmina
340 2249 536 2342 postremp‚'
508 2270 570 2316 nix,
582 2250 698 2315 imbres,
713 2244 821 2316 nubila,
835 2252 926 2319 venti,
974 2254 976 2261 '

196 2330 304 2386 Νοιι
277 2332 360 2385 nimis
375 2330 484 2385 incertis
498 2330 590 2386 siunt
582 2350 613 2384 ιιι
626 2330 753 2404 partibus
766 2331 854 2389 anni.¹

199 2405 347 2502 Namque·
352 2408 400 2465 ubi
412 2409 445 2465 fic
458 2409 572 2467 suerunt
581 2410 724 2466 causarum
737 2411 851 2466 exordia
866 2410 971 2502 prima,

197 2488 295 2568 Atque
308 2490 348 2545 uti
362 2508 405 2546 res
418 2490 519 2546 mundi
530 2489 654 2546 cecidere
663 2491 698 2546 ab
710 2491 819 2565 origine
833 2498 938 2567 prima,

201 2568 346 2643 Conseqna
357 2584 456 2626 natura
459 2566 505 2626 st
493 2589 554 2646 Jam
567 2590 661 2625 rerum
671 2589 707 2626 ex
720 2571 818 2626 ordine
829 2575 916 2628 cerio.

243 2650 391 2705 Crescere
383 2664 507 2725 itemque
515 2648 573 2707 dies
587 2651 661 2715 licet,
676 2664 702 2706 et
716 2650 847 2708 tabescere
860 2651 974 2722 nosieie,

198 2731 234 2785 Et
246 2733 337 2786 minin
329 2731 436 2796 luces,
452 2750 515 2786 cum
529 2731 638 2786 sumant
647 2731 778 2805 augmina
790 2730 928 2809 nosseep'f·

197 2811 260 2866 Aut
273 2811 340 2884 quia
353 2810 392 2865 sol
404 2810 480 2865 idem
491 2810 543 2871 sub
556 2820 652 2876 terras,
663 2811 886 2886 atquensupeme,
931 2836 935 2843 ·
957 2808 975 2847 ’-

198 2890 362 2966 imparibus
376 2908 487 2944 currens
496 2889 662 2946 anfrabiibue
672 2889 781 2947 etheris
792 2896 856 2950 oris

197 2970 298 3034 Parni,
313 2984 339 3023 et
353 2970 383 3024 in
398 2970 499 3044 parteis
511 2988 568 3024 non
582 2989 671 3044 aequas
683 2970 786 3026 dividit
799 2974 912 3028 orbem:

198 3050 235 3104 Et
247 3048 325 3123 quod
338 3049 372 3104 ab
385 3050 515 3105 alterutra
528 3049 647 3105 detraxit
658 3067 747 3125 parte,
763 3053 876 3127 reponit
899 3080 901 3088 ·

199 3129 265 3206 Ejus
278 3128 309 3183 in
317 3128 428 3186 adversa
438 3143 514 3184 tanto
526 3130 590 3204 pins
602 3147 680 3204 parte
694 3133 805 3199 relatus,

196 3208 341 3265 Donicum
354 3209 389 3265 ad
402 3209 431 3267 id
440 3210 545 3286 signnm
555 3211 617 3265 coesi
631 3211 772 3285 pervenit,
787 3212 837 3268 ubi
847 3210 917 3272 anni

197 3289 298 3345 Nodus
309 3289 457 3346 nodamus
467 3305 589 3365 exaequat
602 3291 711 3346 lucibus
723 3293 848 3348 umbras.
960 3290 974 3369 ‚¹

176 3432 180 3440 ,
194 3371 271 3428 Nam
285 3370 379 3429 medio
390 3370 470 3428 cursu
484 3371 564 3428 flatus
577 3370 742 3446 Aquilonis,
754 3388 781 3429 ct
790 3373 900 3441 Austri.

862 3452 981 3512 Uisiiuet
