2359 3875
219 443 285 517 174
363 425 415 497 T.
460 423 851 496 LUCRETJI

255 559 365 618 Nexilis
373 576 435 617 ante
447 560 500 618 suit
509 560 599 628 vellis,
613 580 697 635 qnam
711 560 805 617 textile
819 573 944 634 tegmen:

210 635 321 697 Textile
334 642 393 717 poli
407 638 559 706 serrnm'll3
583 642 651 716 quia
663 640 736 697 serro
750 642 801 696 tela
815 652 969 715 parantur:

212 718 272 774 Nee
283 722 390 778 ratione
403 722 459 778 alia
473 720 585 798 possunt
600 737 655 777 tam
668 722 748 777 lavia
757 721 836 796 gigni

212 798 319 867 Infilia,
332 822 361 858 ac
376 802 439 868 suli,
452 817 478 857 et
492 803 574 867 radii,
589 802 717 878 scapique
731 802 867 857 sonantes.

257 881 292 935 Et
305 881 391 938 sacere
404 898 466 938 ante
479 883 554 939 viros
567 884 658 939 lanam
670 897 770 939 natura
782 879 892 956 coegit,

133 1033 135 1036 ι
212 961 308 1036 Quam
323 964 458 1019 muliebre
467 982 568 1039 genus3
592 983 657 1018 nam
668 965 749 1039 longe
759 959 865 1038 praestat
877 957 913 1013 in
923 968 990 1022 arte,

211 1040 248 1095 Et
260 1040 395 1099 sollertius
408 1043 444 1099 est
458 1044 550 1099 multo
562 1063 649 1120 genus
661 1062 744 1099 omne
757 1042 839 1099 virile
851 1058 859 1095 ι

137 1187 139 1191 Ι
210 1120 351 1195 Agricola
364 1123 451 1181 donee
462 1124 531 1179 vitio
543 1138 648 1180 vertere
663 1123 762 1189 severi,

211 1200 252 1256 Ut
262 1204 443 1259 muliebribus
456 1204 486 1260 id
500 1205 629 1260 manibus
641 1202 789 1259 concedere
801 1202 915 1267 vellent,

209 1279 307 1356 Atque
320 1284 370 1360 ipli
385 1285 481 1361 potins
494 1285 598 1342 durum
612 1283 725 1341 sulserre
738 1284 879 1346 laborema

207 1360 305 1438 Atque
317 1384 403 1440 opere
416 1365 526 1422 induro
537 1366 670 1422 durarent
681 1364 817 1429 membra,
829 1360 992 1437 manusque.

253 1443 295 1498 At
308 1444 445 1519 specimen
459 1445 584 1512 sationis,
600 1461 627 1501 et
639 1445 778 1500 insitionis
790 1442 873 1519 origo
933 1465 937 1471 ·

209 1521 275 1596 Ipsa
287 1522 341 1580 suit
355 1545 446 1582 rerum
460 1527 585 1601 primurn
600 1542 698 1581 natura
711 1525 839 1580 creatrix.

204 1602 367 1660 Arboribus
380 1607 619 1679 quoniambaceae,
636 1602 800 1682 glandesque
812 1603 922 1662 caduce
963 1671 971 1690 ι

206 1679 385 1758 Tempelli-va
398 1684 502 1741 dabant
514 1689 660 1762 pullorum
674 1683 803 1741 examina
817 1683 922 1741 subter.

208 1758 293 1818 Unde
303 1764 387 1819 etiam
397 1764 545 1823 libitum'st
559 1766 668 1842 slirpeis
681 1764 855 1820 committere
868 1764 967 1831 ramis,

205 1840 242 1896 Et
254 1862 328 1900 nova
341 1844 470 1902 defodere
479 1848 509 1902 in
522 1862 621 1902 terram
632 1847 754 1921 virgulta
769 1864 819 1919 per
827 1864 928 1921 agros:

208 1920 280 1978 Inde
290 1925 385 1990 aliam,
400 1940 482 2000 atquc
491 1925 573 1982 aliam
589 1928 727 1983 culturam
740 1925 830 1982 dulcis
841 1925 923 2002 agelli

204 2000 375 2070 Tentabant,
387 2004 547 2083 sruslusque
560 2006 632 2063 seros
644 2005 826 2063 mansuescere
835 2022 908 2064 terra

205 2082 364 2141 Cernebant
376 2086 561 2162 indulgendo,
579 2086 735 2160 blandeque
748 2086 878 2142 colendo.

205 2160 297 2237 Inque
310 2165 464 2242 diesmagir
477 2168 508 2222 in
522 2183 647 2223 montem
661 2166 801 2222 succedere
814 2167 903 2245 sylvas

204 2242 360 2318 cogebant,
377 2245 504 2320 infraque
518 2247 610 2303 locum
625 2246 773 2302 concedere
785 2248 883 2303 cultis:

204 2319 399 2390 Prata,:laeus,
415 2326 502 2390 rivos,
519 2326 628 2402 segetes,
644 2327 793 2398 vinetaque
806 2328 866 2382 laeta

204 2399 345 2469 Collibus,
361 2418 389 2458 et
402 2406 507 2480 campis
520 2420 552 2462 ut
565 2405 709 2471 haberent,
725 2420 806 2481 atque
820 2408 961 2467 olearum*

204 2480 500 2559 Caernladillinguens
514 2486 587 2542 inter
600 2487 680 2562 plaga
694 2505 802 2542 currere
817 2486 903 2562 posset

201 2560 255 2619 Per
269 2564 400 2629 tumulos,
417 2580 444 2620 et
457 2566 620 2631 convalleis,
636 2566 798 2640 camposque
810 2568 944 2642 prosusat

205 2641 246 2698 Ut
257 2662 333 2699 nunc
347 2643 397 2701 else
410 2645 487 2701 vides
500 2647 579 2703 vario
592 2644 720 2701 dislinsia
731 2647 826 2722 lepore

204 2720 322 2789 Omnia,
331 2745 391 2799 quae
408 2727 499 2800 pomis
513 2726 635 2784 intersita
647 2726 778 2782 dulcibus
788 2745 902 2796 ornant,

200 2803 384 2879 Arbustisque
398 2820 492 2861 tenent
500 2807 630 2862 felicibus
643 2806 727 2862 obfita
739 2807 857 2866 circum.

243 2882 285 2937 At
299 2884 419 2958 liquidas
432 2885 527 2941 avium
541 2906 619 2942 voces
634 2886 773 2942 imitarier
786 2907 834 2947 ore

201 2960 280 3016 Ante
289 2960 345 3018 snit
357 2965 458 3030 multO,
474 2985 559 3039 quam
572 2967 651 3022 lavia
664 2967 785 3024 carmina
798 2985 881 3027 cantu

199 3043 402 3098 Concelebrare
416 3042 543 3101 homines
555 3046 673 3122 possent,
688 3047 830 3124 aureisque
839 3053 952 3128 juvare.

199 3123 235 3176 Et
250 3120 375 3200 Zephyri
384 3143 448 3180 cava
461 3145 511 3201 per
524 3129 693 3183 calamorum
704 3127 779 3185 srbila
789 3133 917 3209 primum

197 3200 339 3276 Agresteis
351 3203 468 3263 docuere
481 3227 559 3263 cavas
571 3208 671 3265 inflare
683 3207 798 3267 cicuras.

105 3329 107 3335 ,
198 3282 269 3337 Inde
277 3284 439 3340 minutatim
451 3286 556 3344 dulceis
569 3287 691 3343 didicere
700 3294 835 3362 querelas,

196 3361 280 3420 Tibia
290 3382 358 3441 quas
367 3363 463 3424 fundit
475 3368 573 3446 digitis
586 3367 692 3444 pulsata
706 3382 865 3443 canentum,
920 3455 950 3512 k
963 3439 971 3469 ;

944 3475 993 3512 um
