2359 3875
153 561 161 570 ·
217 591 221 598 .
289 531 485 606 atara
525 525 767 602 srxrus.
870 545 936 618 ωε

97 654 100 661 ’
121 672 127 680 ’
153 667 250 742 Inque
262 662 324 722 allis
337 663 425 722 alium
438 663 577 740 populum
591 661 707 738 sepelire
721 659 835 718 suorum

154 747 314 813 certantes,
330 745 460 822 lacrymis
472 743 529 800 laffi
542 742 672 818 lusluque
686 741 825 798 redibant.

155 825 230 884 Inde
239 829 341 882 bonam
353 840 460 901 partem
473 826 502 880 in
516 824 614 881 leslum
629 842 744 879 moerore
758 821 910 878 dabantur:

153 907 219 964 Nec
227 921 332 984 poterat
342 905 486 983 quisquam
499 906 625 982 reperiri,
634 923 715 979 quem
723 922 811 979 noque
818 900 944 966 morbus,

154 987 313 1054 Nemora,
328 1007 379 1042 nec
393 985 481 1042 luslus
496 1001 610 1041 tentaret
625 1001 746 1059 tempore
761 983 821 1039 tali.

157 1069 302 1133 Praeterea,
314 1069 373 1143 jam
382 1065 485 1142 pallor,
500 1081 526 1120 et
540 1064 720 1121 armentarius
733 1063 839 1130 omnis,

159 1147 198 1202 Et
211 1146 339 1204 robustus
351 1149 417 1202 item
430 1147 510 1202 curvi
526 1146 681 1202 moderator
692 1144 788 1206 aratri,

160 1227 356 1302 languebant,
373 1225 533 1301 penitusque
547 1225 610 1281 casrs
623 1223 749 1280 contrusa
757 1223 885 1298 jacebant

161 1309 301 1383 Corpora,
318 1321 480 1384 paupertate
493 1320 518 1359 et
533 1306 631 1361 morbo
643 1302 736 1360 dedita
751 1302 846 1357 morti.

162 1389 305 1444 Exanimis
320 1389 413 1463 pueris
427 1386 509 1462 super
522 1386 675 1441 exanimata
689 1397 837 1458 parentum

163 1471 291 1542 Corpora
304 1486 507 1541 nonuunquam
521 1463 620 1540 polles,
637 1479 765 1539 retroque
776 1461 869 1519 videre

162 1548 300 1606 Manibus
310 1563 336 1602 ct
350 1547 475 1622 patribus
489 1560 567 1601 natos
581 1546 662 1620 super
675 1543 753 1600 edere
766 1543 865 1599 vitam.

161 1631 221 1686 Ncc
234 1629 385 1689 minimum
400 1627 503 1702 partim
517 1646 551 1682 ex
560 1626 632 1702 agris
645 1626 756 1702 aegrotis
769 1625 800 1680 in
811 1623 908 1679 urbem

162 1709 324 1774 Confluxit,
340 1711 471 1782 languens
485 1727 568 1782 quem
583 1708 702 1763 contulit
716 1705 901 1781 agricolarum

163 1791 269 1866 Copia,
281 1789 448 1845 conveniens
459 1808 493 1844 ex
506 1788 583 1842 omui
600 1788 726 1843 morbida
740 1786 826 1864 parti.

163 1871 271 1928 Omnia
282 1869 457 1945 complebant
468 1871 526 1925 loca
537 1867 669 1943 testaque,
681 1887 736 1943 quo
746 1885 824 1943 mage
832 1885 876 1923 eos
887 1878 944 1922 tum

162 1950 311 2008 Consertos
324 1954 363 2007 ita
375 1950 522 2007 acervatim
532 1968 605 2004 mors
615 1950 814 2005 accumulabat.

162 2033 256 2089 Multa
269 2032 310 2086 siti
324 2031 459 2106 prostrata
471 2029 547 2085 viam
562 2047 622 2104 per,
636 2048 741 2104 proque
754 2028 850 2085 voluta

163 2114 293 2185 Corpora
307 2112 402 2167 silanos
416 2110 449 2166 ad
463 2128 599 2182 aquarum
613 2108 690 2164 strata
698 2109 838 2184 jacebant,

163 2192 318 2249 I'nterclusa
327 2192 419 2247 anima
432 2191 520 2246 nimia
535 2190 568 2244 ab
581 2188 726 2245 dulcedine
740 2187 833 2263 aquai.

161 2273 310 2346 Multaque
320 2291 369 2347 per
380 2271 482 2347 populi
493 2268 588 2346 paffim
598 2271 658 2326 loca
666 2285 789 2346 promta,
799 2269 922 2349 viasque,

163 2352 311 2428 Languida
320 2352 480 2409 semianimo
491 2366 551 2406 tum
562 2369 678 2426 corpore
690 2352 813 2407 membra
822 2352 942 2421 videres,

164 2433 288 2488 Horrida
303 2432 421 2508 paedore,
437 2448 462 2488 et
473 2433 574 2506 pannis
587 2447 730 2507 cooperta,
746 2432 838 2507 perire

91 2520 97 2534 '
165 2513 304 2587 Corporis
316 2513 440 2568 inluvie:
453 2513 533 2588 pellis
547 2511 627 2586 super
636 2512 737 2567 Offibtts
750 2532 816 2578 una,

166 2592 314 2649 Ulceribus
329 2593 404 2650 tetris
417 2611 506 2668 prope
513 2594 572 2668 jam
586 2590 715 2667 sordique
728 2590 844 2667 sepulta.

166 2672 274 2728 Omnia
284 2673 404 2749 denique
417 2673 504 2729 sausla
517 2673 609 2728 Deum
622 2670 734 2728 delubra
747 2673 866 2747 replerat

165 2751 343 2828 Corporibus
357 2774 431 2810 mors
445 2752 589 2819 exanimis,
602 2768 767 2826 onerataque
779 2752 874 2827 paffim

165 2832 273 2888 Cunsla
287 2834 465 2892 cadaveribus
477 2832 613 2889 coeleslum
628 2833 731 2909 templa
742 2833 900 2903 manebant,

164 2912 332 2988 llospitibus
343 2917 469 2989 locaquae
482 2917 654 2990 complerant
666 2914 836 2971 edituentes.

165 2995 224 3048 Nec
233 2996 293 3067 jam
307 2995 416 3071 relligio
429 2996 539 3059 divum,
552 3017 601 3051 uec
615 2995 732 3053 numina
745 2995 839 3071 magni

162 3072 377 3131 Pendebantur:
394 3076 469 3132 enim
481 3076 598 3153 presens
611 3074 890 3151 dolorexsuperabat.

165 3156 223 3209 Nec
238 3172 296 3208 mos
310 3152 356 3208 illc
372 3153 516 3229 sepultura
531 3157 685 3213 remanebat
695 3156 724 3209 in
739 3155 818 3222 urbe,

168 3236 208 3291 Ut
222 3233 301 3308 prius
314 3232 360 3289 hic
374 3238 498 3311 populus
510 3238 615 3313 semper
628 3233 768 3291 consuerat
781 3234 907 3294 humari.

165 3314 344 3371 Perturbatus
354 3316 431 3371 enim
446 3330 517 3373 totus
532 3317 698 3393 trepidabat,
713 3329 739 3371 et
754 3337 826 3375 unus

170 3392 297 3469 Quisque
310 3393 389 3451 suum
405 3416 496 3473 prore
510 3398 667 3455 consortem
677 3395 946 3454 mmlbusbutnabat.

165 3474 315 3551 Multaque
328 3478 371 3539 vis
380 3476 483 3551 subita,
495 3475 947 3563 etpaupcrtasltorr'tbaluatna

513 3566 533 3627 s
855 3554 1013 3621 &mque
