2359 3875
327 430 531 502 LIBER
578 429 880 531 QUARTUS.
914 458 977 524 ¹⁰3

194 564 275 619 Cum
290 576 391 619 veteres
400 578 512 639 ponunt
521 564 630 620 tunicas
640 562 726 621 aestate
735 563 852 628 cicadae3

196 643 235 698 Et
245 643 334 700 vituli
347 662 410 699 cum
418 644 599 699 membranas
609 644 643 700 de
656 663 775 720 corpore
785 644 891 701 summo

197 723 351 779 Nascentea
359 723 493 789 mittun13
510 724 613 781 etitem
623 744 688 781 eum
703 724 808 782 lubrica
821 723 932 800 serpent

196 803 290 859 Exuit
302 803 334 859 in
347 802 435 879 spinis
444 802 557 860 vestem:
572 823 640 860 uam
653 804 723 880 sape
733 804 861 860 videmus

198 884 320 939 Illorum
333 882 429 959 spoliis
441 884 550 959 vepreia
560 884 742 940 volitantibus
755 883 856 941 antiae.

197 964 269 1021 Haec
283 964 418 1037 quoniam
432 964 520 1029 fiunt,
536 964 628 1020 tenuis
639 983 751 1039 quoque
763 964 843 1020 debet
855 963 948 1040 imago

196 1043 248 1100 Ab
262 1045 346 1100 rebus
360 1045 447 1109 mitti,
463 1044 571 1099 summo
583 1042 619 1100 de
631 1062 750 1121 corpore
762 1064 869 1100 earum.

196 1125 287 1188 Nam,
302 1143 354 1179 cur
365 1124 416 1179 ilsa
428 1124 527 1179 cadant
539 1124 637 1198 magis,
652 1126 686 1180 ab
702 1124 836 1198 rebusque
847 1122 986 1189 recedant,

201 1205 302 1279 Quam
313 1224 374 1278 quae
387 1204 482 1260 tenuia
491 1202 564 1269 suut,
576 1199 733 1260 hiscendi'st
742 1205 820 1259 nulla
829 1202 957 1279 potestas.

198 1282 360 1341 Praesertim
368 1303 432 1339 eum
446 1282 498 1338 fint
510 1283 543 1339 in
555 1282 671 1339 summis
683 1302 802 1358 corpora
816 1284 899 1338 rebua

199 1364 296 1420 Multa
305 1364 429 1429 minuta3
441 1362 501 1438 jaci
513 1382 574 1437 quae
588 1362 689 1439 poffint
702 1363 802 1419 ordine
811 1360 909 1418 eodem

201 1445 275 1520 Quo
287 1442 403 1509 suerint,
418 1457 540 1499 veterem
549 1458 575 1497 et
583 1443 680 1499 sormae
690 1442 795 1499 servare
807 1442 943 1518 figuram:

170 1576 175 1580 .
202 1524 240 1579 Et
253 1524 343 1579 multo
352 1523 446 1588 eitius,
465 1538 570 1596 quanto
583 1523 679 1580 minua
691 1522 856 1598 endopediri

202 1604 296 1661 Pauca
308 1617 431 1677 queunt,
449 1616 475 1658 et
488 1601 552 1657 suut
566 1603 597 1658 in
612 1602 705 1678 prima
714 1601 804 1659 fronte
815 1604 917 1660 locata.

247 1684 324 1737 Nam
336 1698 408 1739 certe
411 1683 480 1759 jaci,
493 1696 578 1756 atque
591 1701 727 1757 emergere
740 1682 828 1739 multa
841 1682 971 1739 videmus

201 1764 271 1819 Non
282 1762 370 1817 solum
384 1782 420 1819 ex
433 1764 502 1827 alto,
518 1762 695 1837 penitusque,
711 1777 743 1818 ut
755 1762 880 1820 diximus
894 1779 974 1828 ante;

201 1844 316 1900 Verum
326 1841 362 1897 de
374 1842 488 1900 summit
498 1841 710 1917 ipsumquoque
724 1842 792 1918 sape
802 1844 943 1900 colorem:

201 1924 240 1980 Et
254 1923 338 2000 volgo
352 1921 505 1979 faciuntid
519 1922 604 1989 lutea,
620 1921 744 1998 russaque
758 1924 829 1990 vela,

201 2006 240 2060 Et
253 2002 407 2080 ferrugina,
423 2023 488 2059 eum
498 2003 607 2078 maguis
620 2002 727 2059 intenta
734 2002 875 2066 Theatria,

202 2087 260 2142 Per
269 2085 357 2140 malos
370 2084 490 2159 volgata,
506 2082 668 2157 trabeisque,
683 2083 829 2150 trementia
841 2083 953 2138 flutant.

201 2162 391 2240 Namqueibi
403 2160 556 2219 consessum
566 2163 659 2218 caveai
673 2162 773 2226 subter,
787 2177 814 2217 et
826 2180 940 2218 omnem

201 2245 301 2301 Seeuai
311 2242 444 2319 speciem,
457 2243 582 2309 Patrum,
596 2258 785 2318 matrumque,
797 2242 990 2319 Deorumque,

202 2324 361 2388 Inficiunt3
378 2337 539 2399 coguntque
550 2321 601 2379 suo
615 2321 724 2379 fluitare
732 2325 845 2379 colore:

203 2407 244 2461 Et
255 2417 362 2479 quanto
374 2404 480 2458 circum
488 2421 566 2479 mage
579 2402 644 2458 sunt
655 2402 760 2460 inclusa
771 2402 888 2459 Theatri

202 2484 325 2549 Moenia,
340 2498 398 2540 tam
412 2483 502 2558 magia
514 2480 571 2538 haec
583 2483 659 2538 intua
671 2482 782 2559 perfusa
795 2485 889 2558 lepore

204 2563 317 2622 Omnia
329 2563 490 2628 conrident,
502 2576 633 2638 conrepta
644 2564 705 2619 luce
718 2563 788 2619 diei.

204 2646 283 2720 Ergo
296 2643 382 2699 lintea
390 2643 425 2698 de
438 2641 547 2697 summo
559 2661 624 2697 cum
636 2661 755 2717 corpore
765 2641 864 2698 fucum

204 2724 344 2788 Mittunt,
361 2720 466 2797 effigias
479 2739 590 2795 quoque
603 2720 704 2778 debent
718 2722 827 2777 mittere
842 2720 949 2777 tenutis

205 2806 263 2861 Res
276 2821 406 2878 quaeque:
423 2821 459 2857 ex
471 2801 579 2857 summo
594 2803 728 2876 quoniam
735 2803 896 2878 jaculantur
908 2816 988 2860 utra·

288 2902 356 2956 que.

249 2964 324 3021 Sunt
332 2961 430 3039 igitur,
440 2961 500 3036 jam
511 2960 665 3019 formarum
676 2963 790 3041 vestigia
802 2977 888 3030 certa,

179 3111 186 3124 ·
207 3047 281 3121 Qua
293 3044 381 3118 vulgo
394 3042 511 3098 volitant
524 3041 621 3099 subtili
635 3043 751 3118 predita
764 3045 823 3110 filo,

206 3125 266 3181 Nec
279 3121 437 3198 singillatim
449 3121 561 3196 possunt
571 3122 669 3180 secreta
680 3123 782 3179 videri.

250 3205 395 3268 Praeterea,
410 3202 587 3270 omnitodos‚
602 3200 707 3269 sumus,
722 3223 823 3280 vapor,
838 3221 920 3283 atque
932 3209 993 3266 alia

292 3302 335 3338 res

208 3362 383 3433 Confimilea,
394 3359 458 3424 ideo
467 3359 573 3423 diffuse
587 3381 602 3422 e
615 3336 862 3437 rebusabundant3
948 3445 998 3504 h
