<?xml version="1.0" encoding="UTF-8"?>
<!DOCTYPE html PUBLIC "-//W3C//DTD XHTML 1.0 Transitional//EN"
    "http://www.w3.org/TR/xhtml1/DTD/xhtml1-transitional.dtd">
<html xmlns="http://www.w3.org/1999/xhtml" xml:lang="en" lang="en">
 <head>
  <title>
</title>
<meta http-equiv="Content-Type" content="text/html;charset=utf-8" />
  <meta name='ocr-system' content='tesseract 3.04.00' />
  <meta name='ocr-capabilities' content='ocr_page ocr_carea ocr_par ocr_line ocrx_word'/>
</head>
<body>
  <div class='ocr_page' id='page_1' title='image "./titilucretiicar03carugoog_0067.png"; bbox 0 0 2359 3875; ppageno 0'>
   <div class='ocr_carea' id='block_1_1' title="bbox 270 412 975 488">
    <p class='ocr_par' dir='ltr' id='par_1_1' title="bbox 270 412 975 488">
     <span class='ocr_line' id='line_1_1' title="bbox 270 412 975 488; baseline 0.003 -7"><span class='ocrx_word' id='word_1_1' title='bbox 270 415 458 486; x_wconf 81' lang='lat' dir='ltr'><em>LIBER</em></span> <span class='ocrx_word' id='word_1_2' title='bbox 501 412 866 488; x_wconf 80' lang='lat' dir='ltr'><em>SECUNDUS.</em></span> <span class='ocrx_word' id='word_1_3' title='bbox 935 417 975 485; x_wconf 82' lang='lat'><strong>61</strong></span> 
     </span>
    </p>
   </div>
   <div class='ocr_carea' id='block_1_2' title="bbox 195 538 977 3359">
    <p class='ocr_par' dir='ltr' id='par_1_2' title="bbox 228 538 873 604">
     <span class='ocr_line' id='line_1_2' title="bbox 228 538 873 604; baseline 0.003 -11"><span class='ocrx_word' id='word_1_4' title='bbox 228 538 309 599; x_wconf 79' lang='lat' dir='ltr'>Scilicet</span> <span class='ocrx_word' id='word_1_5' title='bbox 319 561 345 601; x_wconf 87' lang='lat' dir='ltr'><strong>et</strong></span> <span class='ocrx_word' id='word_1_6' title='bbox 354 546 407 603; x_wconf 79' lang='lat' dir='ltr'><strong>risu</strong></span> <span class='ocrx_word' id='word_1_7' title='bbox 421 545 540 602; x_wconf 84' lang='lat' dir='ltr'><strong>tremulo</strong></span> <span class='ocrx_word' id='word_1_8' title='bbox 552 541 873 604; x_wconf 75' lang='lat' dir='ltr'><strong>concnffamehinnant;</strong></span> 
     </span>
    </p>

    <p class='ocr_par' dir='ltr' id='par_1_3' title="bbox 227 619 927 702">
     <span class='ocr_line' id='line_1_3' title="bbox 227 619 927 702; baseline 0.001 -26"><span class='ocrx_word' id='word_1_9' title='bbox 227 619 252 674; x_wconf 83' lang='lat' dir='ltr'><strong>Et</strong></span> <span class='ocrx_word' id='word_1_10' title='bbox 260 624 373 702; x_wconf 83' lang='lat' dir='ltr'><strong>lacrymis</strong></span> <span class='ocrx_word' id='word_1_11' title='bbox 383 626 515 702; x_wconf 82' lang='lat' dir='ltr'><strong>spargunt</strong></span> <span class='ocrx_word' id='word_1_12' title='bbox 529 625 687 683; x_wconf 87' lang='lat' dir='ltr'><strong>mrantibus</strong></span> <span class='ocrx_word' id='word_1_13' title='bbox 700 644 760 687; x_wconf 83' lang='lat' dir='ltr'><strong>ora.</strong></span> <span class='ocrx_word' id='word_1_14' title='bbox 773 622 927 700; x_wconf 74' lang='lat' dir='ltr'><strong>genasque3</strong></span> 
     </span>
    </p>

    <p class='ocr_par' dir='ltr' id='par_1_4' title="bbox 225 697 852 781">
     <span class='ocr_line' id='line_1_4' title="bbox 225 697 852 781; baseline 0.003 -24"><span class='ocrx_word' id='word_1_15' title='bbox 225 697 341 781; x_wconf 86' lang='lat' dir='ltr'><strong>Multaque</strong></span> <span class='ocrx_word' id='word_1_16' title='bbox 350 707 385 763; x_wconf 89' lang='lat' dir='ltr'><strong>de</strong></span> <span class='ocrx_word' id='word_1_17' title='bbox 400 726 495 762; x_wconf 81' lang='lat' dir='ltr'><strong>rerum</strong></span> <span class='ocrx_word' id='word_1_18' title='bbox 508 705 623 761; x_wconf 79' lang='lat' dir='ltr'><strong>mistura</strong></span> <span class='ocrx_word' id='word_1_19' title='bbox 634 705 726 762; x_wconf 83' lang='lat' dir='ltr'>dicere</span> <span class='ocrx_word' id='word_1_20' title='bbox 737 705 852 768; x_wconf 69' lang='lat' dir='ltr'><strong>callentt</strong></span> 
     </span>
    </p>

    <p class='ocr_par' dir='ltr' id='par_1_5' title="bbox 225 778 909 943">
     <span class='ocr_line' id='line_1_5' title="bbox 225 778 900 863; baseline 0.004 -27"><span class='ocrx_word' id='word_1_21' title='bbox 225 778 250 835; x_wconf 87' lang='lat' dir='ltr'><strong>Et</strong></span> <span class='ocrx_word' id='word_1_22' title='bbox 256 784 294 839; x_wconf 86' lang='lat' dir='ltr'><strong>fibi</strong></span> <span class='ocrx_word' id='word_1_23' title='bbox 304 806 439 863; x_wconf 84' lang='lat' dir='ltr'><strong>proporro</strong></span> <span class='ocrx_word' id='word_1_24' title='bbox 450 806 510 861; x_wconf 82' lang='lat' dir='ltr'><strong>quae</strong></span> <span class='ocrx_word' id='word_1_25' title='bbox 525 787 576 842; x_wconf 81' lang='lat' dir='ltr'><strong>{int</strong></span> <span class='ocrx_word' id='word_1_26' title='bbox 588 785 745 862; x_wconf 85' lang='lat' dir='ltr'><strong>primordia</strong></span> <span class='ocrx_word' id='word_1_27' title='bbox 756 799 900 861; x_wconf 71' lang='lat' dir='ltr'><strong>querunt.</strong></span> 
     </span>
     <span class='ocr_line' id='line_1_6' title="bbox 255 864 909 943; baseline 0.002 -23"><span class='ocrx_word' id='word_1_28' title='bbox 255 866 479 943; x_wconf 69' lang='lat' dir='ltr'><strong>Quandoquidem</strong></span> <span class='ocrx_word' id='word_1_29' title='bbox 493 868 557 923; x_wconf 86' lang='lat' dir='ltr'><strong>totis</strong></span> <span class='ocrx_word' id='word_1_30' title='bbox 570 868 736 924; x_wconf 74' lang='lat' dir='ltr'>mortalibus</span> <span class='ocrx_word' id='word_1_31' title='bbox 749 864 909 921; x_wconf 76' lang='lat' dir='ltr'><strong>adsimulata</strong></span> 
     </span>
    </p>

    <p class='ocr_par' dir='ltr' id='par_1_6' title="bbox 225 938 920 1023">
     <span class='ocr_line' id='line_1_7' title="bbox 225 938 920 1023; baseline -0.006 -19"><span class='ocrx_word' id='word_1_32' title='bbox 225 938 271 1015; x_wconf 76' lang='lat' dir='ltr'><strong>Ipsa</strong></span> <span class='ocrx_word' id='word_1_33' title='bbox 281 965 383 1023; x_wconf 86' lang='lat' dir='ltr'><strong>quoque</strong></span> <span class='ocrx_word' id='word_1_34' title='bbox 392 969 427 1005; x_wconf 83' lang='lat' dir='ltr'><strong>ex</strong></span> <span class='ocrx_word' id='word_1_35' title='bbox 441 949 503 1004; x_wconf 77' lang='lat' dir='ltr'><strong>aliis</strong></span> <span class='ocrx_word' id='word_1_36' title='bbox 516 948 620 1003; x_wconf 87' lang='lat' dir='ltr'><strong>debent</strong></span> <span class='ocrx_word' id='word_1_37' title='bbox 631 945 751 1004; x_wconf 70' lang='lat' dir='ltr'><strong>constare</strong></span> <span class='ocrx_word' id='word_1_38' title='bbox 764 945 920 1011; x_wconf 66' lang='lat' dir='ltr'><strong>clementina</strong></span> 
     </span>
    </p>

    <p class='ocr_par' dir='ltr' id='par_1_7' title="bbox 224 1016 912 1104">
     <span class='ocr_line' id='line_1_8' title="bbox 224 1016 912 1104; baseline 0.007 -29"><span class='ocrx_word' id='word_1_39' title='bbox 224 1016 274 1080; x_wconf 89' lang='lat' dir='ltr'><strong>lude</strong></span> <span class='ocrx_word' id='word_1_40' title='bbox 284 1028 332 1085; x_wconf 80' lang='lat' dir='ltr'><strong>alia</strong></span> <span class='ocrx_word' id='word_1_41' title='bbox 345 1048 378 1084; x_wconf 84' lang='lat' dir='ltr'><strong>ex</strong></span> <span class='ocrx_word' id='word_1_42' title='bbox 391 1030 467 1093; x_wconf 77' lang='lat' dir='ltr'><strong>aliis,</strong></span> <span class='ocrx_word' id='word_1_43' title='bbox 484 1027 620 1104; x_wconf 76' lang='lat' dir='ltr'>nusquam</span> <span class='ocrx_word' id='word_1_44' title='bbox 632 1026 774 1084; x_wconf 79' lang='lat' dir='ltr'><strong>coniistere</strong></span> <span class='ocrx_word' id='word_1_45' title='bbox 787 1042 818 1081; x_wconf 87' lang='lat' dir='ltr'><strong>ut</strong></span> <span class='ocrx_word' id='word_1_46' title='bbox 832 1025 912 1081; x_wconf 84' lang='lat' dir='ltr'><strong>rufis.</strong></span> 
     </span>
    </p>

    <p class='ocr_par' dir='ltr' id='par_1_8' title="bbox 224 1100 977 1185">
     <span class='ocr_line' id='line_1_9' title="bbox 224 1100 977 1185; baseline -0.005 -20"><span class='ocrx_word' id='word_1_47' title='bbox 224 1100 422 1184; x_wconf 68' lang='lat' dir='ltr'><strong>Quippesequar,</strong></span> <span class='ocrx_word' id='word_1_48' title='bbox 438 1108 726 1185; x_wconf 79' lang='lat' dir='ltr'><strong>quodcunqueloqui‚</strong></span> <span class='ocrx_word' id='word_1_49' title='bbox 739 1104 977 1180; x_wconf 82' lang='lat' dir='ltr'><strong>riderequedicer,</strong></span> 
     </span>
    </p>

    <p class='ocr_par' dir='ltr' id='par_1_9' title="bbox 225 1178 931 1261">
     <span class='ocr_line' id='line_1_10' title="bbox 225 1178 931 1261; baseline -0.008 -14"><span class='ocrx_word' id='word_1_50' title='bbox 225 1178 249 1235; x_wconf 67' lang='lat' dir='ltr'><strong>Et</strong></span> <span class='ocrx_word' id='word_1_51' title='bbox 258 1184 344 1261; x_wconf 75' lang='lat' dir='ltr'><strong>sapere,</strong></span> <span class='ocrx_word' id='word_1_52' title='bbox 358 1210 393 1247; x_wconf 78' lang='lat' dir='ltr'><strong>en</strong></span> <span class='ocrx_word' id='word_1_53' title='bbox 407 1191 470 1245; x_wconf 81' lang='lat' dir='ltr'><strong>aliis</strong></span> <span class='ocrx_word' id='word_1_54' title='bbox 483 1189 579 1246; x_wconf 84' lang='lat' dir='ltr'><strong>erdem</strong></span> <span class='ocrx_word' id='word_1_55' title='bbox 593 1188 648 1245; x_wconf 77' lang='lat' dir='ltr'><strong>hec</strong></span> <span class='ocrx_word' id='word_1_56' title='bbox 657 1187 833 1251; x_wconf 72' lang='lat' dir='ltr'>facientibus,</span> <span class='ocrx_word' id='word_1_57' title='bbox 848 1199 879 1240; x_wconf 91' lang='lat' dir='ltr'><strong>ut</strong></span> <span class='ocrx_word' id='word_1_58' title='bbox 889 1185 931 1241; x_wconf 83' lang='lat' dir='ltr'><strong>[it.</strong></span> 
     </span>
    </p>

    <p class='ocr_par' dir='ltr' id='par_1_10' title="bbox 226 1260 894 1343">
     <span class='ocr_line' id='line_1_11' title="bbox 226 1260 894 1343; baseline -0.004 -21"><span class='ocrx_word' id='word_1_59' title='bbox 226 1260 288 1337; x_wconf 71' lang='lat' dir='ltr'><strong>Quod</strong></span> <span class='ocrx_word' id='word_1_60' title='bbox 298 1269 313 1324; x_wconf 76' lang='lat' dir='ltr'>fi</span> <span class='ocrx_word' id='word_1_61' title='bbox 324 1270 410 1326; x_wconf 89' lang='lat' dir='ltr'><strong>delira</strong></span> <span class='ocrx_word' id='word_1_62' title='bbox 423 1268 492 1334; x_wconf 77' lang='lat' dir='ltr'><strong>haec,</strong></span> <span class='ocrx_word' id='word_1_63' title='bbox 506 1268 665 1343; x_wconf 84' lang='lat' dir='ltr'><strong>furiosaque</strong></span> <span class='ocrx_word' id='word_1_64' title='bbox 677 1269 814 1324; x_wconf 84' lang='lat' dir='ltr'><strong>cemimus</strong></span> <span class='ocrx_word' id='word_1_65' title='bbox 827 1264 894 1331; x_wconf 81' lang='lat' dir='ltr'><strong>effe3</strong></span> 
     </span>
    </p>

    <p class='ocr_par' dir='ltr' id='par_1_11' title="bbox 224 1337 832 1426">
     <span class='ocr_line' id='line_1_12' title="bbox 224 1337 832 1426; baseline 0.013 -32"><span class='ocrx_word' id='word_1_66' title='bbox 224 1337 248 1395; x_wconf 81' lang='lat' dir='ltr'><strong>Et</strong></span> <span class='ocrx_word' id='word_1_67' title='bbox 256 1344 330 1404; x_wconf 86' lang='lat' dir='ltr'><strong>ridere</strong></span> <span class='ocrx_word' id='word_1_68' title='bbox 340 1349 427 1426; x_wconf 80' lang='lat' dir='ltr'><strong>potest</strong></span> <span class='ocrx_word' id='word_1_69' title='bbox 440 1371 475 1406; x_wconf 84' lang='lat' dir='ltr'><strong>ex</strong></span> <span class='ocrx_word' id='word_1_70' title='bbox 488 1370 546 1406; x_wconf 90' lang='lat' dir='ltr'><strong>non</strong></span> <span class='ocrx_word' id='word_1_71' title='bbox 561 1346 713 1405; x_wconf 68' lang='lat' dir='ltr'><strong>ridentibui</strong></span> <span class='ocrx_word' id='word_1_72' title='bbox 728 1346 832 1412; x_wconf 61' lang='lat' dir='ltr'><strong>fretum</strong></span> 
     </span>
    </p>

    <p class='ocr_par' dir='ltr' id='par_1_12' title="bbox 224 1418 867 1503">
     <span class='ocr_line' id='line_1_13' title="bbox 224 1418 867 1503; baseline 0.002 -22"><span class='ocrx_word' id='word_1_73' title='bbox 224 1418 345 1503; x_wconf 74' lang='lat' dir='ltr'><strong>Erupere,</strong></span> <span class='ocrx_word' id='word_1_74' title='bbox 357 1446 384 1486; x_wconf 89' lang='lat' dir='ltr'><strong>et</strong></span> <span class='ocrx_word' id='word_1_75' title='bbox 395 1430 482 1487; x_wconf 68' lang='lat' dir='ltr'><strong>donis</strong></span> <span class='ocrx_word' id='word_1_76' title='bbox 496 1431 634 1487; x_wconf 88' lang='lat' dir='ltr'><strong>rationem</strong></span> <span class='ocrx_word' id='word_1_77' title='bbox 647 1428 760 1486; x_wconf 74' lang='lat' dir='ltr'><strong>reddetr</strong></span> <span class='ocrx_word' id='word_1_78' title='bbox 774 1426 867 1493; x_wconf 77' lang='lat' dir='ltr'><strong>dittis,</strong></span> 
     </span>
    </p>

    <p class='ocr_par' dir='ltr' id='par_1_13' title="bbox 223 1498 891 1587">
     <span class='ocr_line' id='line_1_14' title="bbox 223 1498 891 1587; baseline 0.016 -33"><span class='ocrx_word' id='word_1_79' title='bbox 223 1498 269 1558; x_wconf 86' lang='lat' dir='ltr'><strong>Non</strong></span> <span class='ocrx_word' id='word_1_80' title='bbox 280 1511 465 1569; x_wconf 80' lang='lat' dir='ltr'><strong>exseminibun</strong></span> <span class='ocrx_word' id='word_1_81' title='bbox 480 1510 659 1587; x_wconf 79' lang='lat' dir='ltr'>sapientibus,</span> <span class='ocrx_word' id='word_1_82' title='bbox 675 1525 756 1585; x_wconf 84' lang='lat' dir='ltr'><strong>atque</strong></span> <span class='ocrx_word' id='word_1_83' title='bbox 765 1507 891 1565; x_wconf 85' lang='lat' dir='ltr'><strong>disertis:</strong></span> 
     </span>
    </p>

    <p class='ocr_par' dir='ltr' id='par_1_14' title="bbox 225 1580 916 1667">
     <span class='ocr_line' id='line_1_15' title="bbox 225 1580 916 1667; baseline 0.012 -28"><span class='ocrx_word' id='word_1_84' title='bbox 225 1580 359 1657; x_wconf 70' lang='lat' dir='ltr'><strong>Quiminur</strong></span> <span class='ocrx_word' id='word_1_85' title='bbox 372 1592 423 1648; x_wconf 81' lang='lat' dir='ltr'><strong>effe</strong></span> <span class='ocrx_word' id='word_1_86' title='bbox 433 1606 535 1667; x_wconf 78' lang='lat' dir='ltr'><strong>queant</strong></span> <span class='ocrx_word' id='word_1_87' title='bbox 548 1611 590 1656; x_wconf 88' lang='lat' dir='ltr'><strong>ea,</strong></span> <span class='ocrx_word' id='word_1_88' title='bbox 605 1611 666 1665; x_wconf 80' lang='lat' dir='ltr'><strong>quae</strong></span> <span class='ocrx_word' id='word_1_89' title='bbox 679 1589 777 1646; x_wconf 78' lang='lat' dir='ltr'><strong>sentim</strong></span> <span class='ocrx_word' id='word_1_90' title='bbox 787 1589 916 1647; x_wconf 78' lang='lat' dir='ltr'><strong>videmus</strong></span> 
     </span>
    </p>

    <p class='ocr_par' dir='ltr' id='par_1_15' title="bbox 224 1660 955 1829">
     <span class='ocr_line' id='line_1_16' title="bbox 224 1660 913 1749; baseline 0.007 -27"><span class='ocrx_word' id='word_1_91' title='bbox 224 1660 353 1728; x_wconf 66' lang='lat' dir='ltr'><strong>&amp;minibus</strong></span> <span class='ocrx_word' id='word_1_92' title='bbox 366 1672 496 1749; x_wconf 82' lang='lat' dir='ltr'><strong>permista</strong></span> <span class='ocrx_word' id='word_1_93' title='bbox 508 1672 665 1729; x_wconf 79' lang='lat' dir='ltr'><strong>carentibus</strong></span> <span class='ocrx_word' id='word_1_94' title='bbox 678 1670 801 1745; x_wconf 87' lang='lat' dir='ltr'><strong>undique</strong></span> <span class='ocrx_word' id='word_1_95' title='bbox 815 1669 913 1727; x_wconf 86' lang='lat' dir='ltr'><strong>sensu?</strong></span> 
     </span>
     <span class='ocr_line' id='line_1_17' title="bbox 253 1745 955 1829; baseline 0.003 -23"><span class='ocrx_word' id='word_1_96' title='bbox 253 1745 367 1829; x_wconf 80' lang='lat' dir='ltr'><strong>Denique</strong></span> <span class='ocrx_word' id='word_1_97' title='bbox 380 1752 478 1809; x_wconf 83' lang='lat' dir='ltr'><strong>coeiesti</strong></span> <span class='ocrx_word' id='word_1_98' title='bbox 492 1752 586 1808; x_wconf 86' lang='lat' dir='ltr'><strong>sumus</strong></span> <span class='ocrx_word' id='word_1_99' title='bbox 598 1770 693 1807; x_wconf 86' lang='lat' dir='ltr'><strong>omnes</strong></span> <span class='ocrx_word' id='word_1_100' title='bbox 705 1751 807 1806; x_wconf 84' lang='lat' dir='ltr'><strong>semine</strong></span> <span class='ocrx_word' id='word_1_101' title='bbox 820 1750 934 1808; x_wconf 90' lang='lat' dir='ltr'><strong>oriundi</strong></span> <span class='ocrx_word' id='word_1_102' title='bbox 947 1772 955 1808; x_wconf 78' lang='lat' dir='ltr'><strong>t</strong></span> 
     </span>
    </p>

    <p class='ocr_par' dir='ltr' id='par_1_16' title="bbox 223 1818 969 1909">
     <span class='ocr_line' id='line_1_18' title="bbox 223 1818 969 1909; baseline 0.001 -23"><span class='ocrx_word' id='word_1_103' title='bbox 223 1818 339 1896; x_wconf 66' lang='lat' dir='ltr'><strong>Omnibus</strong></span> <span class='ocrx_word' id='word_1_104' title='bbox 349 1834 397 1890; x_wconf 87' lang='lat' dir='ltr'><strong>ille</strong></span> <span class='ocrx_word' id='word_1_105' title='bbox 408 1833 483 1889; x_wconf 86' lang='lat' dir='ltr'><strong>idem</strong></span> <span class='ocrx_word' id='word_1_106' title='bbox 497 1832 578 1889; x_wconf 86' lang='lat' dir='ltr'><strong>Pater</strong></span> <span class='ocrx_word' id='word_1_107' title='bbox 588 1830 636 1897; x_wconf 76' lang='lat' dir='ltr'><strong>est,</strong></span> <span class='ocrx_word' id='word_1_108' title='bbox 652 1831 727 1889; x_wconf 88' lang='lat' dir='ltr'><strong>unde</strong></span> <span class='ocrx_word' id='word_1_109' title='bbox 736 1833 810 1888; x_wconf 89' lang='lat' dir='ltr'><strong>alma</strong></span> <span class='ocrx_word' id='word_1_110' title='bbox 823 1833 969 1909; x_wconf 78' lang='lat' dir='ltr'><strong>liquenteis</strong></span> 
     </span>
    </p>

    <p class='ocr_par' dir='ltr' id='par_1_17' title="bbox 221 1891 864 1991">
     <span class='ocr_line' id='line_1_19' title="bbox 221 1891 864 1991; baseline 0.003 -25"><span class='ocrx_word' id='word_1_111' title='bbox 221 1891 356 1971; x_wconf 75' lang='lat' dir='ltr'><strong>Hunorum</strong></span> <span class='ocrx_word' id='word_1_112' title='bbox 367 1929 456 1991; x_wconf 81' lang='lat' dir='ltr'><strong>guttae</strong></span> <span class='ocrx_word' id='word_1_113' title='bbox 469 1914 560 1970; x_wconf 81' lang='lat' dir='ltr'>Mater</span> <span class='ocrx_word' id='word_1_114' title='bbox 572 1933 636 1970; x_wconf 88' lang='lat' dir='ltr'><strong>cum</strong></span> <span class='ocrx_word' id='word_1_115' title='bbox 648 1914 736 1970; x_wconf 86' lang='lat' dir='ltr'><strong>Terra</strong></span> <span class='ocrx_word' id='word_1_116' title='bbox 750 1913 864 1989; x_wconf 87' lang='lat' dir='ltr'><strong>recepit,</strong></span> 
     </span>
    </p>

    <p class='ocr_par' dir='ltr' id='par_1_18' title="bbox 220 1982 845 2071">
     <span class='ocr_line' id='line_1_20' title="bbox 220 1982 845 2071; baseline 0 -22"><span class='ocrx_word' id='word_1_117' title='bbox 220 1982 275 2049; x_wconf 76' lang='lat' dir='ltr'><strong>Foeta</strong></span> <span class='ocrx_word' id='word_1_118' title='bbox 284 1997 355 2071; x_wconf 88' lang='lat' dir='ltr'><strong>parit</strong></span> <span class='ocrx_word' id='word_1_119' title='bbox 364 1995 468 2051; x_wconf 86' lang='lat' dir='ltr'><strong>nitidas</strong></span> <span class='ocrx_word' id='word_1_120' title='bbox 480 1992 584 2070; x_wconf 80' lang='lat' dir='ltr'><strong>fruges,</strong></span> <span class='ocrx_word' id='word_1_121' title='bbox 596 1993 758 2070; x_wconf 84' lang='lat' dir='ltr'><strong>arbustaque</strong></span> <span class='ocrx_word' id='word_1_122' title='bbox 771 1996 845 2056; x_wconf 70' lang='lat' dir='ltr'><strong>laetar</strong></span> 
     </span>
    </p>

    <p class='ocr_par' dir='ltr' id='par_1_19' title="bbox 219 2062 966 2151">
     <span class='ocr_line' id='line_1_21' title="bbox 219 2062 966 2151; baseline 0 -22"><span class='ocrx_word' id='word_1_123' title='bbox 219 2062 324 2147; x_wconf 72' lang='lat' dir='ltr'><strong>Etgenus</strong></span> <span class='ocrx_word' id='word_1_124' title='bbox 333 2075 500 2142; x_wconf 78' lang='lat' dir='ltr'><strong>humanum,</strong></span> <span class='ocrx_word' id='word_1_125' title='bbox 514 2091 543 2130; x_wconf 84' lang='lat' dir='ltr'><strong>et</strong></span> <span class='ocrx_word' id='word_1_126' title='bbox 556 2077 630 2151; x_wconf 83' lang='lat' dir='ltr'><strong>parit</strong></span> <span class='ocrx_word' id='word_1_127' title='bbox 638 2075 738 2150; x_wconf 83' lang='lat' dir='ltr'><strong>pmnia</strong></span> <span class='ocrx_word' id='word_1_128' title='bbox 750 2073 825 2130; x_wconf 80' lang='lat' dir='ltr'><strong>saecla</strong></span> <span class='ocrx_word' id='word_1_129' title='bbox 835 2072 966 2136; x_wconf 82' lang='lat' dir='ltr'><strong>ferarum,</strong></span> 
     </span>
    </p>

    <p class='ocr_par' dir='ltr' id='par_1_20' title="bbox 216 2143 977 2232">
     <span class='ocr_line' id='line_1_22' title="bbox 216 2143 977 2232; baseline 0.005 -27"><span class='ocrx_word' id='word_1_130' title='bbox 216 2143 369 2212; x_wconf 89' lang='lat' dir='ltr'><strong>Pabulacum</strong></span> <span class='ocrx_word' id='word_1_131' title='bbox 378 2157 493 2232; x_wconf 78' lang='lat' dir='ltr'><strong>prebet,</strong></span> <span class='ocrx_word' id='word_1_132' title='bbox 506 2156 710 2230; x_wconf 82' lang='lat' dir='ltr'><strong>quibueomnes</strong></span> <span class='ocrx_word' id='word_1_133' title='bbox 719 2174 839 2230; x_wconf 87' lang='lat' dir='ltr'><strong>corpora</strong></span> <span class='ocrx_word' id='word_1_134' title='bbox 850 2153 977 2231; x_wconf 82' lang='lat' dir='ltr'><strong>pascunt,</strong></span> 
     </span>
    </p>

    <p class='ocr_par' dir='ltr' id='par_1_21' title="bbox 215 2224 946 2313">
     <span class='ocr_line' id='line_1_23' title="bbox 215 2224 946 2313; baseline -0.003 -21"><span class='ocrx_word' id='word_1_135' title='bbox 215 2224 241 2286; x_wconf 71' lang='lat' dir='ltr'><strong>Et</strong></span> <span class='ocrx_word' id='word_1_136' title='bbox 251 2234 354 2292; x_wconf 79' lang='lat' dir='ltr'><strong>dulcem</strong></span> <span class='ocrx_word' id='word_1_137' title='bbox 367 2237 477 2293; x_wconf 89' lang='lat' dir='ltr'><strong>ducunt</strong></span> <span class='ocrx_word' id='word_1_138' title='bbox 485 2237 583 2302; x_wconf 86' lang='lat' dir='ltr'><strong>vitam,</strong></span> <span class='ocrx_word' id='word_1_139' title='bbox 599 2238 762 2313; x_wconf 84' lang='lat' dir='ltr'><strong>prolemque</strong></span> <span class='ocrx_word' id='word_1_140' title='bbox 775 2250 946 2312; x_wconf 78' lang='lat' dir='ltr'><strong>propagant.</strong></span> 
     </span>
    </p>

    <p class='ocr_par' dir='ltr' id='par_1_22' title="bbox 214 2308 931 2394">
     <span class='ocr_line' id='line_1_24' title="bbox 214 2308 931 2394; baseline 0.001 -24"><span class='ocrx_word' id='word_1_141' title='bbox 214 2308 380 2393; x_wconf 70' lang='lat' dir='ltr'><strong>Quapropter</strong></span> <span class='ocrx_word' id='word_1_142' title='bbox 389 2317 490 2373; x_wconf 87' lang='lat' dir='ltr'><strong>merito</strong></span> <span class='ocrx_word' id='word_1_143' title='bbox 504 2317 665 2373; x_wconf 85' lang='lat' dir='ltr'><strong>Maternum</strong></span> <span class='ocrx_word' id='word_1_144' title='bbox 678 2336 780 2374; x_wconf 89' lang='lat' dir='ltr'><strong>nomen</strong></span> <span class='ocrx_word' id='word_1_145' title='bbox 790 2312 931 2394; x_wconf 81' lang='lat' dir='ltr'><strong>adepta&#39;st.</strong></span> 
     </span>
    </p>

    <p class='ocr_par' dir='ltr' id='par_1_23' title="bbox 212 2390 817 2473">
     <span class='ocr_line' id='line_1_25' title="bbox 212 2390 817 2473; baseline 0.005 -23"><span class='ocrx_word' id='word_1_146' title='bbox 212 2390 279 2454; x_wconf 86' lang='lat' dir='ltr'><strong>Cedit</strong></span> <span class='ocrx_word' id='word_1_147' title='bbox 293 2398 360 2454; x_wconf 88' lang='lat' dir='ltr'><strong>item</strong></span> <span class='ocrx_word' id='word_1_148' title='bbox 370 2412 444 2454; x_wconf 85' lang='lat' dir='ltr'><strong>retro</strong></span> <span class='ocrx_word' id='word_1_149' title='bbox 455 2396 490 2453; x_wconf 89' lang='lat' dir='ltr'><strong>de</strong></span> <span class='ocrx_word' id='word_1_150' title='bbox 503 2411 575 2454; x_wconf 86' lang='lat' dir='ltr'><strong>terra</strong></span> <span class='ocrx_word' id='word_1_151' title='bbox 587 2397 664 2473; x_wconf 83' lang='lat' dir='ltr'><strong>quod</strong></span> <span class='ocrx_word' id='word_1_152' title='bbox 675 2397 731 2453; x_wconf 85' lang='lat' dir='ltr'><strong>fuit</strong></span> <span class='ocrx_word' id='word_1_153' title='bbox 744 2414 817 2465; x_wconf 87' lang='lat' dir='ltr'><strong>ante,</strong></span> 
     </span>
    </p>

    <p class='ocr_par' dir='ltr' id='par_1_24' title="bbox 208 2471 902 2553">
     <span class='ocr_line' id='line_1_26' title="bbox 208 2471 902 2553; baseline 0 -21"><span class='ocrx_word' id='word_1_154' title='bbox 208 2471 235 2532; x_wconf 85' lang='lat' dir='ltr'><strong>lu</strong></span> <span class='ocrx_word' id='word_1_155' title='bbox 246 2493 344 2537; x_wconf 80' lang='lat' dir='ltr'><strong>terras:</strong></span> <span class='ocrx_word' id='word_1_156' title='bbox 366 2495 395 2535; x_wconf 86' lang='lat' dir='ltr'><strong>et</strong></span> <span class='ocrx_word' id='word_1_157' title='bbox 407 2477 484 2553; x_wconf 90' lang='lat' dir='ltr'><strong>quod</strong></span> <span class='ocrx_word' id='word_1_158' title='bbox 496 2477 609 2534; x_wconf 79' lang='lat' dir='ltr'><strong>miffum</strong></span> <span class='ocrx_word' id='word_1_159' title='bbox 621 2473 698 2534; x_wconf 72' lang='lat' dir='ltr'><strong>&#39;st‘ex</strong></span> <span class='ocrx_word' id='word_1_160' title='bbox 711 2477 820 2535; x_wconf 85' lang='lat' dir='ltr'><strong>aetheris</strong></span> <span class='ocrx_word' id='word_1_161' title='bbox 832 2478 902 2545; x_wconf 85' lang='lat' dir='ltr'><strong>oris,</strong></span> 
     </span>
    </p>

    <p class='ocr_par' dir='ltr' id='par_1_25' title="bbox 207 2553 842 2635">
     <span class='ocr_line' id='line_1_27' title="bbox 207 2553 842 2635; baseline 0 -22"><span class='ocrx_word' id='word_1_162' title='bbox 207 2553 234 2613; x_wconf 84' lang='lat' dir='ltr'><strong>Id</strong></span> <span class='ocrx_word' id='word_1_163' title='bbox 245 2560 355 2616; x_wconf 86' lang='lat' dir='ltr'><strong>rursum</strong></span> <span class='ocrx_word' id='word_1_164' title='bbox 365 2560 427 2615; x_wconf 87' lang='lat' dir='ltr'><strong>coeli</strong></span> <span class='ocrx_word' id='word_1_165' title='bbox 438 2559 564 2615; x_wconf 83' lang='lat' dir='ltr'><strong>rellatum</strong></span> <span class='ocrx_word' id='word_1_166' title='bbox 574 2560 679 2634; x_wconf 80' lang='lat' dir='ltr'><strong>templa</strong></span> <span class='ocrx_word' id='word_1_167' title='bbox 690 2574 842 2635; x_wconf 84' lang='lat' dir='ltr'><strong>receptant.</strong></span> 
     </span>
    </p>

    <p class='ocr_par' dir='ltr' id='par_1_26' title="bbox 205 2634 774 2704">
     <span class='ocr_line' id='line_1_28' title="bbox 205 2634 774 2704; baseline 0 -10"><span class='ocrx_word' id='word_1_168' title='bbox 205 2634 254 2697; x_wconf 88' lang='lat' dir='ltr'><strong>Nec</strong></span> <span class='ocrx_word' id='word_1_169' title='bbox 267 2640 302 2695; x_wconf 82' lang='lat' dir='ltr'><strong>fic</strong></span> <span class='ocrx_word' id='word_1_170' title='bbox 312 2639 452 2696; x_wconf 86' lang='lat' dir='ltr'><strong>interimit</strong></span> <span class='ocrx_word' id='word_1_171' title='bbox 461 2658 535 2696; x_wconf 85' lang='lat' dir='ltr'><strong>mors</strong></span> <span class='ocrx_word' id='word_1_172' title='bbox 544 2658 597 2704; x_wconf 77' lang='lat' dir='ltr'><strong>res,</strong></span> <span class='ocrx_word' id='word_1_173' title='bbox 607 2653 640 2694; x_wconf 86' lang='lat' dir='ltr'><strong>ut</strong></span> <span class='ocrx_word' id='word_1_174' title='bbox 651 2639 774 2695; x_wconf 90' lang='lat' dir='ltr'><strong>materiai</strong></span> 
     </span>
    </p>

    <p class='ocr_par' dir='ltr' id='par_1_27' title="bbox 203 2717 867 2796">
     <span class='ocr_line' id='line_1_29' title="bbox 203 2717 867 2796; baseline 0.002 -20"><span class='ocrx_word' id='word_1_175' title='bbox 203 2718 323 2796; x_wconf 79' lang='lat' dir='ltr'><strong>Corpora</strong></span> <span class='ocrx_word' id='word_1_176' title='bbox 335 2719 473 2786; x_wconf 84' lang='lat' dir='ltr'><strong>conficiat,</strong></span> <span class='ocrx_word' id='word_1_177' title='bbox 485 2717 640 2776; x_wconf 71' lang='lat' dir='ltr'><strong>sedentum</strong></span> <span class='ocrx_word' id='word_1_178' title='bbox 653 2719 775 2796; x_wconf 83' lang='lat' dir='ltr'><strong>diffupat</strong></span> <span class='ocrx_word' id='word_1_179' title='bbox 788 2720 867 2777; x_wconf 85' lang='lat' dir='ltr'><strong>ollis:</strong></span> 
     </span>
    </p>

    <p class='ocr_par' dir='ltr' id='par_1_28' title="bbox 201 2797 856 2876">
     <span class='ocr_line' id='line_1_30' title="bbox 201 2797 856 2876; baseline 0.009 -23"><span class='ocrx_word' id='word_1_180' title='bbox 201 2797 334 2857; x_wconf 80' lang='lat' dir='ltr'><strong>Indealiir</strong></span> <span class='ocrx_word' id='word_1_181' title='bbox 343 2799 422 2858; x_wconf 90' lang='lat' dir='ltr'><strong>aliud</strong></span> <span class='ocrx_word' id='word_1_182' title='bbox 434 2801 593 2876; x_wconf 81' lang='lat' dir='ltr'><strong>conjungit,</strong></span> <span class='ocrx_word' id='word_1_183' title='bbox 609 2815 636 2855; x_wconf 89' lang='lat' dir='ltr'><strong>et</strong></span> <span class='ocrx_word' id='word_1_184' title='bbox 647 2799 742 2867; x_wconf 83' lang='lat' dir='ltr'><strong>efficit,</strong></span> <span class='ocrx_word' id='word_1_185' title='bbox 757 2819 856 2867; x_wconf 68' lang='lat' dir='ltr'><strong>omnes</strong></span> 
     </span>
    </p>

    <p class='ocr_par' dir='ltr' id='par_1_29' title="bbox 199 2879 901 2957">
     <span class='ocr_line' id='line_1_31' title="bbox 199 2879 901 2957; baseline 0.003 -19"><span class='ocrx_word' id='word_1_186' title='bbox 199 2879 248 2938; x_wconf 82' lang='lat' dir='ltr'><strong>Res</strong></span> <span class='ocrx_word' id='word_1_187' title='bbox 259 2895 292 2937; x_wconf 90' lang='lat' dir='ltr'><strong>ut</strong></span> <span class='ocrx_word' id='word_1_188' title='bbox 304 2896 467 2938; x_wconf 87' lang='lat' dir='ltr'><strong>convertant</strong></span> <span class='ocrx_word' id='word_1_189' title='bbox 478 2879 593 2947; x_wconf 81' lang='lat' dir='ltr'><strong>formas,</strong></span> <span class='ocrx_word' id='word_1_190' title='bbox 605 2895 769 2957; x_wconf 88' lang='lat' dir='ltr'><strong>mutentque</strong></span> <span class='ocrx_word' id='word_1_191' title='bbox 783 2885 901 2949; x_wconf 85' lang='lat' dir='ltr'><strong>colores,</strong></span> 
     </span>
    </p>

    <p class='ocr_par' dir='ltr' id='par_1_30' title="bbox 199 2960 909 3038">
     <span class='ocr_line' id='line_1_32' title="bbox 199 2960 909 3038; baseline 0.003 -22"><span class='ocrx_word' id='word_1_192' title='bbox 199 2960 230 3016; x_wconf 83' lang='lat' dir='ltr'><strong>Et</strong></span> <span class='ocrx_word' id='word_1_193' title='bbox 241 2960 355 3036; x_wconf 85' lang='lat' dir='ltr'><strong>capiant</strong></span> <span class='ocrx_word' id='word_1_194' title='bbox 364 2961 465 3026; x_wconf 85' lang='lat' dir='ltr'><strong>sensus,</strong></span> <span class='ocrx_word' id='word_1_195' title='bbox 480 2975 508 3016; x_wconf 91' lang='lat' dir='ltr'><strong>et</strong></span> <span class='ocrx_word' id='word_1_196' title='bbox 520 2961 625 3036; x_wconf 67' lang='lat' dir='ltr'><strong>pundo</strong></span> <span class='ocrx_word' id='word_1_197' title='bbox 640 2977 763 3038; x_wconf 88' lang='lat' dir='ltr'><strong>tempore</strong></span> <span class='ocrx_word' id='word_1_198' title='bbox 777 2962 909 3020; x_wconf 81' lang='lat' dir='ltr'><strong>reddant:</strong></span> 
     </span>
    </p>

    <p class='ocr_par' dir='ltr' id='par_1_31' title="bbox 199 3039 843 3118">
     <span class='ocr_line' id='line_1_33' title="bbox 199 3039 843 3118; baseline -0.002 -19"><span class='ocrx_word' id='word_1_199' title='bbox 199 3041 335 3099; x_wconf 88' lang='lat' dir='ltr'><strong>Utnoscas</strong></span> <span class='ocrx_word' id='word_1_200' title='bbox 350 3039 458 3107; x_wconf 85' lang='lat' dir='ltr'><strong>referre,</strong></span> <span class='ocrx_word' id='word_1_201' title='bbox 469 3041 563 3097; x_wconf 84' lang='lat' dir='ltr'><strong>eadem</strong></span> <span class='ocrx_word' id='word_1_202' title='bbox 574 3042 735 3118; x_wconf 87' lang='lat' dir='ltr'><strong>primordia</strong></span> <span class='ocrx_word' id='word_1_203' title='bbox 748 3046 843 3099; x_wconf 84' lang='lat' dir='ltr'><strong>terum&#39;</strong></span> 
     </span>
    </p>

    <p class='ocr_par' dir='ltr' id='par_1_32' title="bbox 195 3121 879 3198">
     <span class='ocr_line' id='line_1_34' title="bbox 195 3121 879 3198; baseline 0.004 -20"><span class='ocrx_word' id='word_1_204' title='bbox 195 3123 266 3178; x_wconf 88' lang='lat' dir='ltr'><strong>Cum</strong></span> <span class='ocrx_word' id='word_1_205' title='bbox 278 3123 394 3197; x_wconf 78' lang='lat' dir='ltr'><strong>quibus,</strong></span> <span class='ocrx_word' id='word_1_206' title='bbox 409 3139 436 3178; x_wconf 91' lang='lat' dir='ltr'><strong>et</strong></span> <span class='ocrx_word' id='word_1_207' title='bbox 448 3121 523 3196; x_wconf 89' lang='lat' dir='ltr'><strong>quali</strong></span> <span class='ocrx_word' id='word_1_208' title='bbox 538 3124 659 3198; x_wconf 85' lang='lat' dir='ltr'><strong>pofitura</strong></span> <span class='ocrx_word' id='word_1_209' title='bbox 673 3123 879 3190; x_wconf 84' lang='lat' dir='ltr'><strong>contineantur,</strong></span> 
     </span>
    </p>

    <p class='ocr_par' dir='ltr' id='par_1_33' title="bbox 196 3202 846 3278">
     <span class='ocr_line' id='line_1_35' title="bbox 196 3202 846 3278; baseline 0.005 -20"><span class='ocrx_word' id='word_1_210' title='bbox 196 3203 230 3258; x_wconf 87' lang='lat' dir='ltr'><strong>Et</strong></span> <span class='ocrx_word' id='word_1_211' title='bbox 239 3221 311 3278; x_wconf 83' lang='lat' dir='ltr'><strong>quos</strong></span> <span class='ocrx_word' id='word_1_212' title='bbox 320 3203 392 3258; x_wconf 88' lang='lat' dir='ltr'><strong>inter</strong></span> <span class='ocrx_word' id='word_1_213' title='bbox 404 3203 429 3258; x_wconf 88' lang='lat' dir='ltr'><strong>se</strong></span> <span class='ocrx_word' id='word_1_214' title='bbox 440 3203 505 3258; x_wconf 90' lang='lat' dir='ltr'><strong>dent</strong></span> <span class='ocrx_word' id='word_1_215' title='bbox 515 3219 618 3270; x_wconf 80' lang='lat' dir='ltr'><strong>motus,</strong></span> <span class='ocrx_word' id='word_1_216' title='bbox 635 3202 846 3278; x_wconf 87' lang='lat' dir='ltr'><strong>accipiantque:</strong></span> 
     </span>
    </p>

    <p class='ocr_par' dir='ltr' id='par_1_34' title="bbox 199 3281 829 3359">
     <span class='ocr_line' id='line_1_36' title="bbox 199 3281 829 3359; baseline 0.002 -20"><span class='ocrx_word' id='word_1_217' title='bbox 199 3281 286 3352; x_wconf 73' lang='lat' dir='ltr'><strong>[Neve</strong></span> <span class='ocrx_word' id='word_1_218' title='bbox 298 3296 379 3359; x_wconf 86' lang='lat' dir='ltr'><strong>puter</strong></span> <span class='ocrx_word' id='word_1_219' title='bbox 392 3299 491 3339; x_wconf 77' lang='lat' dir='ltr'><strong>aterna</strong></span> <span class='ocrx_word' id='word_1_220' title='bbox 504 3301 586 3358; x_wconf 85' lang='lat' dir='ltr'><strong>penes</strong></span> <span class='ocrx_word' id='word_1_221' title='bbox 599 3283 713 3339; x_wconf 84' lang='lat' dir='ltr'><strong>refidere</strong></span> <span class='ocrx_word' id='word_1_222' title='bbox 726 3282 829 3359; x_wconf 80' lang='lat' dir='ltr'><strong>poteffe</strong></span> 
     </span>
    </p>
   </div>
   <div class='ocr_carea' id='block_1_3' title="bbox 197 3362 992 3512">
    <p class='ocr_par' dir='ltr' id='par_1_35' title="bbox 197 3362 992 3512">
     <span class='ocr_line' id='line_1_37' title="bbox 197 3362 949 3441; baseline -0.001 -22"><span class='ocrx_word' id='word_1_223' title='bbox 197 3364 326 3440; x_wconf 73' lang='lat' dir='ltr'><strong>Corpora</strong></span> <span class='ocrx_word' id='word_1_224' title='bbox 339 3363 442 3441; x_wconf 80' lang='lat' dir='ltr'><strong>prima,</strong></span> <span class='ocrx_word' id='word_1_225' title='bbox 453 3362 528 3438; x_wconf 86' lang='lat' dir='ltr'><strong>quod</strong></span> <span class='ocrx_word' id='word_1_226' title='bbox 537 3364 569 3420; x_wconf 87' lang='lat' dir='ltr'><strong>in</strong></span> <span class='ocrx_word' id='word_1_227' title='bbox 578 3363 689 3419; x_wconf 90' lang='lat' dir='ltr'><strong>summis</strong></span> <span class='ocrx_word' id='word_1_228' title='bbox 702 3362 812 3421; x_wconf 86' lang='lat' dir='ltr'><strong>fluitare</strong></span> <span class='ocrx_word' id='word_1_229' title='bbox 824 3365 949 3422; x_wconf 87' lang='lat' dir='ltr'><strong>videmus</strong></span> 
     </span>
     <span class='ocr_line' id='line_1_38' title="bbox 209 3437 992 3512; baseline -0.004 -9"><span class='ocrx_word' id='word_1_230' title='bbox 209 3437 227 3457; x_wconf 71' lang='lat'><em>&#39;</em></span> <span class='ocrx_word' id='word_1_231' title='bbox 569 3444 593 3501; x_wconf 81' lang='lat' dir='ltr'>F</span> <span class='ocrx_word' id='word_1_232' title='bbox 873 3445 992 3512; x_wconf 60' lang='lat' dir='ltr'><strong>Reium„</strong></span> 
     </span>
    </p>
   </div>
   <div class='ocr_carea' id='block_1_4' title="bbox 0 0 1184 3875">
    <p class='ocr_par' dir='ltr' id='par_1_36' title="bbox 0 0 1184 3875">
     <span class='ocr_line' id='line_1_39' title="bbox 0 0 1184 3875; baseline 0 6"><span class='ocrx_word' id='word_1_233' title='bbox 0 0 1184 3875; x_wconf 95' lang='lat' dir='ltr'><strong> </strong></span> 
     </span>
    </p>
   </div>
  </div>
 </body>
</html>
