2359 3875
254 385 323 518 Ιιιι
433 445 475 516 T.
516 445 906 518 LUCRETII

268 571 369 647 Atque
382 573 466 630 etiam
477 572 611 648 quosdam
626 594 722 651 cepere
735 574 840 633 oblivia
853 594 944 631 rerum

268 651 453 718 Cunblarum
465 673 554 728 neque
567 654 592 710 le
607 655 713 730 possent
727 655 887 748 cognoscere
898 668 929 710 ut
942 653 1010 730 ipsi.

269 731 416 810 Multaque
430 732 510 790 humi
525 754 587 790 cum
601 735 997 812 inhumatajacereutcorpora
1009 733 1055 790 lu·

351 834 403 890 pra

269 894 460 970 Corporibus,
477 909 566 951 tamen
577 896 695 952 alituum
707 915 792 972 genus
805 910 885 970 atque
899 893 1023 950 ferarum

268 976 331 1032 Aut
343 977 444 1050 procul
455 976 604 1042 abfiliebat,
621 991 652 1032 ut
667 996 755 1032 acrem
771 976 860 1031 exiret
875 974 1008 1030 odorem:

268 1057 341 1120 Aut,
357 1055 406 1109 ubi
421 1055 551 1130 gustarat,
566 1057 713 1130 languebat
729 1070 816 1110 morte
830 1055 1005 1130 propinqua.

268 1137 327 1192 Nec
342 1150 432 1191 tamen
445 1136 561 1192 omnino
576 1150 677 1190 temere
690 1136 747 1190 illis
761 1134 861 1190 solibus
874 1136 932 1188 ulla

268 1217 455 1290 Comparebat
468 1215 536 1280 avis,
551 1235 600 1270 nec
614 1213 740 1270 no¹libus
755 1214 830 1270 secla
845 1213 965 1268 ferarum

268 1296 391 1351 Exibant
404 1295 503 1374 sylvis.
529 1295 695 1385 languebant
709 1296 840 1385 pleraque
853 1294 963 1354 morbo,

268 1376 304 1430 Et
318 1359 527 1432 moriebantur·
552 1395 616 1430 cum
632 1375 734 1450 primis
750 1373 803 1430 fida
819 1393 920 1429 canum
935 1394 962 1427 ι
967 1392 977 1426 s

268 1456 395 1510 Strata'
368 1457 423 1511 vris
435 1458 557 1510 animum
574 1454 713 1546 ponebat
706 1475 734 1508 sn
749 1454 881 1509 omnibus
895 1472 1014 1526 aegram,

267 1535 457 1608 Extorquebat
472 1536 547 1590 enirn
561 1536 646 1588 vitam
662 1535 704 1589 vis
718 1534 845 1589 morbida
859 1531 1003 1587 membris.

271 1615 438 1670 lncomitata
453 1616 512 1689 rapi
526 1615 665 1669 certabant
680 1613 774 1670 lunera
787 1613 873 1668 valla:

268 1696 326 1748 Nec
340 1697 410 1749 ratio
420 1694 522 1749 remedi
536 1695 692 1749 communis
704 1709 776 1748 certa
788 1694 917 1748 dabatur.

268 1775 340 1827 Nam
355 1774 431 1847 quod
446 1775 495 1829 alis
508 1773 620 1829 dederat
631 1774 736 1828 ritaleis
746 1774 814 1828 aeris
824 1793 902 1829 auras

267 1853 389 1908 Volverc
403 1855 433 1909 iu
447 1874 494 1909 ore
507 1853 600 1916 licere,
617 1867 642 1907 et
656 1853 716 1908 coeli
732 1855 832 1928 templa
843 1853 931 1908 tueri:

265 1934 327 1989 Hoc
337 1935 397 1989 aliis
408 1951 465 1990 erat
478 1934 576 1998 exitio,
592 1931 752 2007 lethumque
766 1935 888 2009 parabat.

307 2015 385 2070 Illud
401 2017 431 2072 in
455 2016 497 2071 his
520 2016 600 2070 rebus
622 2013 806 2070 miserandum
829 2027 856 2069 et
875 2032 1047 2092 magnopere

345 2116 435 2153 unum

265 2177 454 2231 AErumnabile
469 2189 541 2241 erat3
566 2175 654 2249 quod,
671 2175 719 2230 ubi
734 2174 758 2230 le
772 2174 887 2248 quilque
900 2174 1014 2232 videbat

264 2256 439 2331 Implicitum
450 2258 557 2321 morbo,
574 2257 657 2311 morti
669 2255 813 2310 damnatus
827 2270 857 2309 ut
870 2254 943 2321 edet,

262 2336 401 2390 Deficiens
415 2336 510 2391 animo
523 2334 617 2389 muello
631 2355 693 2391 curn
708 2334 789 2390 corde
797 2335 903 2409 jacebat

262 2418 370 2470 Funera
384 2413 543 2490 respct‘laus,
559 2414 681 2471 animam
695 2429 720 2469 et
731 2415 854 2469 mittebat
866 2412 983 2468 ibidem:

263 2496 352 2569 quue
365 2497 407 2551 rel
420 2496 450 2550 in
462 2496 562 2570 primis
571 2495 728 2551 cumulabat
738 2493 833 2549 sunere
846 2492 942 2550 funus.

262 2575 381 2651 Quippe
393 2576 495 2631 etenim
510 2576 589 2630 nullo
603 2574 735 2631 cellabant
750 2588 873 2649 tempore
883 2573 967 2650 apisci

191 2698 195 2705 .
260 2655 304 2709 Ex
317 2656 377 2710 aliis
390 2656 460 2711 alios
472 2654 547 2711 avidi
561 2656 689 2729 contagia
703 2654 794 2709 morbi
808 2673 814 2707 :

259 2735 334 2790 Nam
348 2735 509 2808 quicunque
522 2734 582 2789 suos
595 2735 749 2809 lugitabuut
758 2731 842 2787 vilere
851 2732 886 2788 ad
900 2751 994 2808 (egros,

260 2814 297 2867 V
290 2829 340 2868 nar
353 2814 474 2869 nimium
485 2814 595 2889 cupidi,
608 2813 790 2887 mortisque
773 2828 909 2878 umentes.

257 2894 385 2949 Poeuibat
397 2895 492 2969 paullo
505 2892 563 2968 poll
578 2894 655 2969 turpi
668 2908 757 2949 morte
770 2895 895 2967 malaque

256 2972 391 3040 Desertus,
407 2975 470 3049 opis
484 2974 632 3048 experteis,
646 2973 755 3028 incuria
768 2971 898 3037 madum,

257 3052 406 3127 Lanigeras
420 3070 553 3128 tanquam
566 3052 696 3128 pecudes,
711 3067 737 3106 et
747 3052 847 3107 bucera
860 3052 946 3109 secla.

256 3132 318 3207 Qui
332 3132 440 3188 lucrant
453 3150 545 3190 autem
561 3131 669 3209 psallo,
684 3132 845 3207 contagibus
858 3132 947 3197 ibant,

253 3212 349 3288 Atque
363 3212 468 3279 labore,
484 3212 577 3291 pudor
588 3232 672 3287 quem
683 3226 742 3267 tum
751 3212 958 3287 cogebatobire‚

254 3290 415 3367 Blandaque
429 3294 558 3350 lafforurn
571 3313 630 3350 vox
644 3291 721 3347 milla
735 3310 801 3347 vote
814 3292 941 3366 querelae.

244 3370 391 3452 Optimus
405 3370 459 3433 boc
473 3372 543 3433 lethi
554 3393 639 3455 genus
651 3390 715 3449 ergo
729 3370 842 3448 quisque
855 3370 979 3505 subibag.

963 3470 1039 3527 nque
