2359 3875
175 414 248 499 ¹r
419 421 819 495 [Lucrum

230 555 338 622 Efficis‚
353 570 385 612 ut
398 554 501 632 cupide
514 556 665 631 generatim
674 557 749 615 saecla
764 570 931 634 propagent.

273 639 345 714 Quae
358 637 495 710 quoniam
508 656 600 692 rerum
614 639 751 694 Naturam
765 639 820 694 sola
834 641 986 715 guberuast

226 719 287 776 Nec
301 717 355 774 line
366 717 409 773 Te
421 718 572 792 quicquam
585 719 645 775 dias
658 719 686 772 iu
701 720 816 775 luminis
829 739 890 776 oras

228 799 622 872 Exoritur,nequesitlaetum‚
633 801 844 874 nequeamabile
852 801 1012 876 quicquam,

225 881 269 936 Te
282 879 383 935 sociam
397 877 490 934 studeo
504 878 660 935 scribundis
673 880 793 935 versibus
806 880 868 946 esse,

228 963 311 1035 Quos
323 978 373 1034 ego
387 958 421 1013 de
436 960 553 1014 anuu
569 960 712 1016 Narona
732 980 851 1034 pangere
865 979 952 1016 conor

226 1038 405 1098 Memmiadae
412 1038 520 1094 nostro:
537 1059 620 1114 quem
631 1055 674 1106 tu,
688 1040 755 1105 Dea,
770 1055 893 1116 ternpore
902 1041 1016 1096 inomni

227 1121 373 1179 Omnibus
386 1133 515 1174 ornatum
529 1119 642 1177 voluisli
656 1123 789 1176 excellere
803 1124 895 1178 rebus.

227 1198 394 1278 Quomagis
407 1215 542 1257 eternum
555 1201 590 1257 da
604 1200 696 1266 dissic,
711 1201 797 1267 Diva,
813 1203 956 1279 leporem:

225 1282 322 1348 Effice,
337 1295 369 1337 ut
383 1281 487 1337 interea
501 1280 557 1338 fera
568 1303 691 1338 moenera
705 1283 816 1339 militiai

226 1363 390 1425 Permaria,
406 1383 436 1418 ae
450 1378 534 1418 terras
548 1364 655 1419 omneis
671 1363 759 1439 sopita
772 1364 924 1438 quiescant.

225 1446 302 1500 Nam
314 1444 362 1498 Tu
377 1443 430 1499 sola
444 1458 521 1517 potes
535 1445 685 1517 tranquilla
702 1463 766 1517 pace
775 1447 872 1518 juvare

226 1525 384 1587 Mortaleis‚
399 1523 530 1596 quoniam
542 1525 607 1578 belli
618 1523 672 1578 sera
687 1543 807 1578 moeuera
822 1527 936 1581 Mavors

226 1605 412 1678 Armipotens
427 1605 508 1676 regit,
525 1605 554 1657 in
569 1604 709 1677 gremium
723 1603 772 1675 qui
790 1603 854 1679 sepe
870 1621 949 1661 cuum
960 1607 984 1660 se
1023 1671 1026 1676 ,

227 1685 344 1760 Rejicit‚
361 1699 461 1738 aeterno
475 1682 616 1738 devinctus
630 1684 743 1736 volnere
757 1684 875 1751 amoris3

225 1764 322 1836 Atque
336 1765 373 1819 ita
387 1764 535 1837 suspiciens
550 1763 628 1817 tereti
642 1763 746 1817 cervice
758 1765 863 1838 reposla

225 1845 318 1901 Pascit
331 1864 424 1900 amore
438 1843 535 1898 avidos
549 1841 661 1898 inhians
671 1843 700 1897 iu
716 1858 751 1907 te,
766 1844 836 1909 Dea,
852 1845 925 1902 visus
939 1865 946 1899 :

225 1926 315 2000 Eque
331 1940 379 1980 tuo
394 1923 494 1999 pendet
508 1923 634 2000 resupini
649 1923 762 1999 spiritus
775 1945 833 1980 ore.

224 2007 312 2062 Hunc
327 2022 368 2071 tu,
385 2006 470 2070 Diva,
487 2018 534 2059 tuo
549 2006 724 2060 recubantem
739 2025 857 2081 corpore
871 2004 959 2061 sendo

227 2085 403 2143 Circumfusa
418 2085 512 2159 super,
529 2085 634 2140 sumcis
648 2106 681 2139 cx
695 2105 741 2140 ore
755 2088 879 2160 loquelas

223 2166 332 2232 Funde,
350 2180 444 2241 petens
458 2166 595 2240 placidam
611 2167 747 2220 Romanis
762 2168 871 2222 luclutu
887 2187 992 2242 pacem.

227 2249 302 2303 Nam
315 2267 404 2320 neque
415 2247 474 2301 Nos
484 2263 563 2320 agere
578 2243 630 2300 hoc
646 2247 736 2321 patria
752 2262 875 2322 tempore
890 2250 990 2321 iniquo

225 2326 556 2399 Possumusaequoanimo
567 2345 573 2381 ι
589 2344 679 2399 neque
690 2327 809 2381 Memml
819 2329 890 2383 clara
900 2346 1025 2402 propago

225 2408 343 2465 'salibus
357 2407 387 2462 in
400 2407 480 2461 rebus
493 2406 637 2460 communi
650 2406 684 2460 de
698 2403 740 2460 'sse
756 2407 846 2462 saluti.

226 2489 314 2564 Quod
326 2485 455 2562 superest,
471 2506 569 2541 vacuas
582 2486 748 2541 aurcismilii
759 2487 940 2552 Memmiada,
955 2501 1014 2542 ettc

225 2572 366 2627 Semotum
381 2589 395 2623 a
410 2565 483 2621 curis
496 2566 596 2621 adhibe
611 2586 703 2621 veram
716 2568 749 2622 ad
765 2569 909 2634 rationem,

225 2652 271 2706 Ne
284 2668 343 2703 mea
356 2647 429 2702 dona
444 2646 495 2701 tibi
511 2646 602 2702 studio
615 2646 734 2722 disposla
749 2648 834 2712 fideli,

177 2792 180 2797 ⁴
229 2729 370 2787 Intellee'la
384 2727 559 2803 priusquam
575 2728 636 2792 snt,
652 2743 811 2803 contempta
825 2728 974 2801 relinquas.

225 2813 302 2867 Nam
317 2810 368 2865 tibi
382 2809 416 2864 de
432 2807 535 2862 summa
550 2808 622 2862 Coeli
637 2808 756 2873 ratione,
773 2808 930 2881 Deumque,

228 2890 363 2946 Disserere
378 2888 524 2961 incipiam,
541 2902 568 2942 et
581 2907 674 2942 rerum
690 2886 845 2963 primordia
858 2887 997 2961 pandam:

229 2970 313 3030 Unde
326 2967 431 3024 omneis
445 2968 551 3022 Natura
565 2982 637 3023 creet
651 2988 703 3034 rer,
718 2967 814 3032 auc‘let,
829 2969 952 3040 alatque:

230 3053 333 3126 Quove
345 3046 439 3104 eadem
454 3046 563 3102 rursum
578 3049 685 3103 Natura
698 3062 845 3123 perempta
859 3047 992 3105 resolvat:

230 3133 303 3205 Quae
313 3148 363 3184 nos
376 3127 535 3193 Matericm,
547 3141 574 3183 et
588 3127 728 3183 Genitalia
741 3131 870 3202 Corpora
884 3130 964 3183 rebus

229 3209 387 3266 Reddunda
401 3208 546 3263 iuratione
557 3228 663 3273 vocare,
678 3224 704 3262 ct
718 3208 828 3264 Semina
842 3228 935 3264 rerum

229 3290 384 3367 Appellare
397 3287 516 3354 suemus,
531 3302 557 3343 et
569 3287 626 3343 haec
640 3288 733 3343 cadem
749 3286 882 3363 usurpare

231 3372 360 3447 Corpora
371 3368 478 3435 Prima,
495 3368 570 3442 quod
585 3388 620 3424 ex
636 3368 689 3424 illis
703 3368 767 3425 sunt
778 3368 873 3426 omnia
885 3366 999 3445 primis.

909 3446 1014 3505 Omnia
