2359 3875
198 438 260 509 172
366 408 411 482 T.
450 411 540 479 nn
565 393 830 482 carm

196 551 288 625 Inque
299 546 357 603 dies
366 546 452 622 magis
465 546 619 621 appetitur,
636 546 770 619 floretque
780 554 926 619 repertum
940 549 944 557 ’

198 629 351 692 Laudibus,
367 642 393 682 et
405 622 513 681 miro'si
526 627 665 683 mortaleis
680 627 752 683 inter
759 624 878 681 honore.
954 662 956 667 -

242 711 327 766 Nunc
340 708 391 762 tibi
404 725 460 780 quo
475 704 552 782 pado
565 707 632 763 ferri
646 722 745 763 natura
758 719 866 780 reperta

200 791 252 856 Sit,
267 783 339 845 facil'
353 786 389 843 est
403 786 493 863 ipsum
507 806 557 863 per
570 802 596 843 te
606 787 779 863 cognoscere,
793 781 927 842 Memmi.

198 872 290 927 Arma
303 868 426 942 antiqua,
443 887 551 934 manus,
568 888 685 943 ungues,
698 867 844 941 dentesque
859 863 982 930 suerunt,

198 952 235 1006 Et
248 948 365 1024 lapides,
381 963 407 1003 et
419 948 486 1004 item
499 947 640 1025 sylvarum
654 947 790 1022 fragmina
802 945 885 1009 rami,

198 1033 235 1086 Et
245 1030 373 1093 damma,
388 1043 469 1103 atque
483 1029 560 1105 ignes
574 1027 718 1104 postquam
733 1028 795 1083 sunt
805 1026 915 1102 cognita
927 1024 986 1101 pri·

327 1128 423 1164 mume

198 1189 337 1248 Posterius
348 1188 414 1245 serri
424 1189 466 1245 vis
478 1188 525 1256 esi,
542 1190 657 1266 aerisque
666 1204 774 1265 reperta
786 1212 794 1253 ς

200 1272 236 1327 Et
249 1271 330 1346 prior
344 1270 404 1325 aeria
417 1285 474 1325 erat
487 1290 571 1344 quam
586 1270 651 1326 ferri
664 1272 793 1345 cognitus
803 1267 881 1323 usus:

199 1354 268 1428 Quo
281 1349 369 1406 facilis
379 1351 465 1426 magis
478 1349 514 1406 ess
528 1365 637 1415 natura,
650 1365 676 1405 et
688 1350 771 1424 copia
785 1349 888 1424 major.

197 1434 259 1487 AEre
272 1430 358 1486 solum
373 1446 448 1486 terra
463 1430 626 1497 tradabant‚
639 1450 744 1503 aereque
758 1429 822 1485 bessi

196 1511 348 1569 Miscebant
361 1508 471 1574 fluetus,
487 1525 513 1565 et
523 1514 637 1567 volnera
652 1509 721 1566 vasta
736 1510 871 1576 serebant,

197 1592 233 1647 Et
248 1610 341 1666 pecus,
356 1604 438 1662 atque
450 1609 530 1665 agros
543 1590 716 1654 adimebant;
741 1611 805 1646 nam
819 1589 898 1649 facile
912 1593 975 1649 ollis

199 1669 306 1728 Omnia
319 1668 451 1724 cedebant
463 1671 575 1725 armatis
587 1672 663 1727 nuda
675 1686 702 1725 et
715 1671 832 1727 inerma.

200 1750 271 1807 lnde
285 1748 447 1806 minutatim
462 1749 589 1824 processit
601 1749 705 1806 ferreus
718 1750 796 1817 ensis,

197 1830 339 1904 Versaque
353 1828 383 1883 in
396 1829 585 1903 opprobrium
600 1830 703 1905 species
715 1832 750 1885 esi
763 1829 840 1889 salcis
852 1830 958 1901 ahenae,

200 1912 235 1967 Et
244 1908 430 1986 serrocoepere
443 1908 529 1965 solum
544 1909 721 1986 proscindere
732 1925 826 1979 terrae3

199 1994 402 2065 Exaequataque
415 1989 477 2046 sunt
490 1991 597 2066 creperi
611 1993 762 2047 certamina
775 1992 851 2049 belli.

243 2072 278 2126 Et
288 2071 366 2147 prius
376 2068 412 2125 esi
419 2085 580 2146 reppertum
589 2072 619 2125 in
630 2072 693 2145 equi
703 2072 982 2142 conscenderecosiar‚

198 2153 235 2208 Et
247 2150 416 2208 moderarier
429 2149 505 2205 hunc
517 2149 621 2216 fratris,
635 2151 786 2228 dextraque
799 2156 905 2228 vigere,

199 2235 296 2310 Quam
309 2231 406 2307 bijugo
419 2250 502 2285 curru
516 2230 581 2286 belli
596 2245 697 2287 tentare
711 2233 833 2307 peritiae

198 2314 234 2369 Et
248 2312 345 2387 bijugo
358 2310 437 2385 prius
446 2309 492 2375 esi,
508 2329 591 2383 quarn
606 2313 648 2367 bis
661 2313 830 2388 conjungere
843 2316 937 2382 binos,
954 2337 956 2342 ¹

199 2395 236 2448 Et
248 2409 333 2465 quarn
345 2387 481 2446 falciferos
493 2389 640 2447 inventurn
654 2392 795 2449 ascendere
807 2414 916 2452 curtus.

198 2471 269 2528 Inde
278 2471 361 2527 boves
374 2471 447 2526 lucas
461 2470 562 2525 turrito
574 2490 690 2548 corpore
704 2487 787 2529 tetros

198 2552 397 2628 Anguimanos
410 2550 476 2606 belli
489 2549 647 2608 docuerunt
659 2555 772 2609 volnera
786 2554 867 2610 Poeni

197 2630 326 2697 sufferre,
343 2647 369 2687 et
381 2649 494 2706 magnas
507 2631 604 2687 martis
616 2634 744 2689 Turbare
753 2648 883 2691 catervas.
950 2702 958 2713 ι

199 2715 242 2771 Sic
255 2712 313 2768 alid
326 2731 360 2768 ex
371 2712 428 2767 alio
442 2711 552 2789 peperit
566 2711 704 2770 discordia
715 2713 806 2780 tristis,

199 2792 347 2850 Horribile
360 2791 488 2848 humanis
500 2792 576 2867 quod
588 2794 716 2868 gentibus
730 2793 792 2850 esset
804 2796 835 2851 in
845 2795 946 2853 armis:

198 2875 289 2947 Inque
299 2873 359 2927 dies
371 2873 437 2927 belli
452 2871 604 2929 terroribus
614 2874 722 2930 addidit
735 2893 865 2950 augmen.

195 2953 354 3008 Tentamnt
363 2953 446 3006 etiam
461 2966 552 3007 tauros
567 2955 597 3009 in
608 2974 728 3017 moenere
742 2956 819 3022 bessi,

197 3031 370 3107 Expertique
379 3029 437 3086 sues
450 3029 531 3088 saevos
545 3032 608 3088 sunt
621 3035 768 3090 mitterein
781 3034 897 3104 hosteim

197 3113 233 3168 Et
246 3110 351 3187 validos
363 3109 459 3168 Parthi
474 3131 530 3187 prae
544 3111 569 3168 se
578 3114 672 3170 misere
684 3117 777 3171 leones

197 3193 273 3247 Cum
286 3190 446 3247 dudoribus
458 3193 581 3259 armatis,
598 3193 727 3268 saevisque
737 3194 884 3272 magistris,

198 3273 261 3348 Qui
271 3271 439 3328 moderarier
451 3271 502 3329 hos
511 3272 628 3348 possent,
644 3275 799 3350 vinclisque
811 3292 920 3334 tenerer

196 3351 408 3431 Nequicquam
432 3355 566 3431 quoniam
577 3353 710 3431 permista
721 3356 794 3415 cede
807 3359 927 3413 calentes

816 3437 982 3496 Turbabant
