<?xml version="1.0" encoding="UTF-8"?>
<!DOCTYPE html PUBLIC "-//W3C//DTD XHTML 1.0 Transitional//EN"
    "http://www.w3.org/TR/xhtml1/DTD/xhtml1-transitional.dtd">
<html xmlns="http://www.w3.org/1999/xhtml" xml:lang="en" lang="en">
 <head>
  <title>
</title>
<meta http-equiv="Content-Type" content="text/html;charset=utf-8" />
  <meta name='ocr-system' content='tesseract 3.04.00' />
  <meta name='ocr-capabilities' content='ocr_page ocr_carea ocr_par ocr_line ocrx_word'/>
</head>
<body>
  <div class='ocr_page' id='page_1' title='image "./titilucretiicar03carugoog_0192.png"; bbox 0 0 2359 3875; ppageno 0'>
   <div class='ocr_carea' id='block_1_1' title="bbox 211 444 846 536">
    <p class='ocr_par' dir='ltr' id='par_1_1' title="bbox 211 444 846 536">
     <span class='ocr_line' id='line_1_1' title="bbox 211 444 846 536; baseline -0.002 -21"><span class='ocrx_word' id='word_1_1' title='bbox 211 449 276 536; x_wconf 75' lang='lat'>184</span> <span class='ocrx_word' id='word_1_2' title='bbox 361 444 846 518; x_wconf 63' lang='lat' dir='ltr'>annotarit:</span> 
     </span>
    </p>
   </div>
   <div class='ocr_carea' id='block_1_2' title="bbox 133 572 992 3443">
    <p class='ocr_par' dir='ltr' id='par_1_2' title="bbox 133 572 992 3443">
     <span class='ocr_line' id='line_1_2' title="bbox 210 572 833 649; baseline 0.002 -24"><span class='ocrx_word' id='word_1_3' title='bbox 210 573 299 627; x_wconf 84' lang='lat' dir='ltr'>Curat</span> <span class='ocrx_word' id='word_1_4' title='bbox 311 572 376 628; x_wconf 90' lang='lat' dir='ltr'>item</span> <span class='ocrx_word' id='word_1_5' title='bbox 390 588 421 629; x_wconf 92' lang='lat' dir='ltr'>ut</span> <span class='ocrx_word' id='word_1_6' title='bbox 434 574 500 629; x_wconf 76' lang='lat' dir='ltr'>vasis</span> <span class='ocrx_word' id='word_1_7' title='bbox 514 575 630 649; x_wconf 85' lang='lat' dir='ltr'>integris</span> <span class='ocrx_word' id='word_1_8' title='bbox 643 574 709 629; x_wconf 90' lang='lat' dir='ltr'>vina</span> <span class='ocrx_word' id='word_1_9' title='bbox 720 587 833 647; x_wconf 88' lang='lat' dir='ltr'>repente</span> 
     </span>
     <span class='ocr_line' id='line_1_3' title="bbox 209 650 934 727; baseline 0 -22"><span class='ocrx_word' id='word_1_10' title='bbox 209 650 385 726; x_wconf 78' lang='lat' dir='ltr'>Diffugiant3</span> <span class='ocrx_word' id='word_1_11' title='bbox 403 654 468 727; x_wconf 92' lang='lat' dir='ltr'>quia</span> <span class='ocrx_word' id='word_1_12' title='bbox 482 654 618 709; x_wconf 88' lang='lat' dir='ltr'>nimirum</span> <span class='ocrx_word' id='word_1_13' title='bbox 630 653 709 709; x_wconf 83' lang='lat' dir='ltr'>facile</span> <span class='ocrx_word' id='word_1_14' title='bbox 719 654 814 708; x_wconf 89' lang='lat' dir='ltr'>omnia</span> <span class='ocrx_word' id='word_1_15' title='bbox 827 650 934 706; x_wconf 85' lang='lat' dir='ltr'>circum</span> 
     </span>
     <span class='ocr_line' id='line_1_4' title="bbox 210 731 830 807; baseline 0.003 -23"><span class='ocrx_word' id='word_1_16' title='bbox 210 731 360 798; x_wconf 82' lang='lat' dir='ltr'>Conlaxat,</span> <span class='ocrx_word' id='word_1_17' title='bbox 377 752 488 807; x_wconf 88' lang='lat' dir='ltr'>rareque</span> <span class='ocrx_word' id='word_1_18' title='bbox 501 733 566 787; x_wconf 84' lang='lat' dir='ltr'>facit</span> <span class='ocrx_word' id='word_1_19' title='bbox 577 734 740 788; x_wconf 80' lang='lat' dir='ltr'>lateramina</span> <span class='ocrx_word' id='word_1_20' title='bbox 753 733 830 797; x_wconf 81' lang='lat' dir='ltr'>vasis,</span> 
     </span>
     <span class='ocr_line' id='line_1_5' title="bbox 211 809 943 889; baseline -0.001 -25"><span class='ocrx_word' id='word_1_21' title='bbox 211 809 373 867; x_wconf 85' lang='lat' dir='ltr'><strong>Adveniens</strong></span> <span class='ocrx_word' id='word_1_22' title='bbox 386 814 461 868; x_wconf 87' lang='lat' dir='ltr'>calor</span> <span class='ocrx_word' id='word_1_23' title='bbox 472 814 528 889; x_wconf 85' lang='lat' dir='ltr'>ejus</span> <span class='ocrx_word' id='word_1_24' title='bbox 543 828 573 868; x_wconf 90' lang='lat' dir='ltr'>ut</span> <span class='ocrx_word' id='word_1_25' title='bbox 586 813 739 869; x_wconf 81' lang='lat' dir='ltr'>insumatur</span> <span class='ocrx_word' id='word_1_26' title='bbox 752 810 780 865; x_wconf 89' lang='lat' dir='ltr'>in</span> <span class='ocrx_word' id='word_1_27' title='bbox 796 811 901 887; x_wconf 89' lang='lat' dir='ltr'>ipsum,</span> <span class='ocrx_word' id='word_1_28' title='bbox 917 823 943 863; x_wconf 91' lang='lat' dir='ltr'>et</span> 
     </span>
     <span class='ocr_line' id='line_1_6' title="bbox 212 888 850 967; baseline -0.002 -21"><span class='ocrx_word' id='word_1_29' title='bbox 212 888 359 946; x_wconf 87' lang='lat' dir='ltr'>Mobiliter</span> <span class='ocrx_word' id='word_1_30' title='bbox 372 892 480 947; x_wconf 89' lang='lat' dir='ltr'>solvens</span> <span class='ocrx_word' id='word_1_31' title='bbox 491 891 585 948; x_wconf 83' lang='lat' dir='ltr'>differt</span> <span class='ocrx_word' id='word_1_32' title='bbox 598 892 756 967; x_wconf 89' lang='lat' dir='ltr'>primordia</span> <span class='ocrx_word' id='word_1_33' title='bbox 770 891 850 947; x_wconf 88' lang='lat' dir='ltr'>vini:</span> 
     </span>
     <span class='ocr_line' id='line_1_7' title="bbox 215 969 877 1047; baseline 0.003 -25"><span class='ocrx_word' id='word_1_34' title='bbox 215 969 302 1044; x_wconf 74' lang='lat' dir='ltr'>Quod</span> <span class='ocrx_word' id='word_1_35' title='bbox 313 970 374 1026; x_wconf 87' lang='lat' dir='ltr'>solis</span> <span class='ocrx_word' id='word_1_36' title='bbox 387 991 476 1047; x_wconf 88' lang='lat' dir='ltr'>vapor</span> <span class='ocrx_word' id='word_1_37' title='bbox 487 988 591 1028; x_wconf 85' lang='lat' dir='ltr'>aetatem</span> <span class='ocrx_word' id='word_1_38' title='bbox 604 993 662 1026; x_wconf 91' lang='lat' dir='ltr'>non</span> <span class='ocrx_word' id='word_1_39' title='bbox 678 972 751 1046; x_wconf 84' lang='lat' dir='ltr'>polle</span> <span class='ocrx_word' id='word_1_40' title='bbox 764 971 877 1025; x_wconf 87' lang='lat' dir='ltr'>videtur</span> 
     </span>
     <span class='ocr_line' id='line_1_8' title="bbox 213 1048 958 1127; baseline 0.003 -25"><span class='ocrx_word' id='word_1_41' title='bbox 213 1048 339 1117; x_wconf 85' lang='lat' dir='ltr'>Efficere,</span> <span class='ocrx_word' id='word_1_42' title='bbox 355 1051 507 1126; x_wconf 83' lang='lat' dir='ltr'>usqueadeo</span> <span class='ocrx_word' id='word_1_43' title='bbox 517 1053 624 1127; x_wconf 88' lang='lat' dir='ltr'>pollens</span> <span class='ocrx_word' id='word_1_44' title='bbox 638 1051 745 1106; x_wconf 87' lang='lat' dir='ltr'>fervore</span> <span class='ocrx_word' id='word_1_45' title='bbox 758 1050 887 1105; x_wconf 85' lang='lat' dir='ltr'>corusco:</span> <span class='ocrx_word' id='word_1_46' title='bbox 956 1057 958 1065; x_wconf 81' lang='lat'><em>&#39;</em></span> 
     </span>
     <span class='ocr_line' id='line_1_9' title="bbox 210 1128 887 1197; baseline 0.003 -15"><span class='ocrx_word' id='word_1_47' title='bbox 210 1128 304 1185; x_wconf 88' lang='lat' dir='ltr'>Tanto</span> <span class='ocrx_word' id='word_1_48' title='bbox 317 1132 451 1187; x_wconf 83' lang='lat' dir='ltr'>mobilior</span> <span class='ocrx_word' id='word_1_49' title='bbox 463 1133 513 1197; x_wconf 86' lang='lat' dir='ltr'>vis,</span> <span class='ocrx_word' id='word_1_50' title='bbox 530 1148 556 1187; x_wconf 91' lang='lat' dir='ltr'>et</span> <span class='ocrx_word' id='word_1_51' title='bbox 569 1132 762 1187; x_wconf 73' lang='lat' dir='ltr'><strong>dominantior</strong></span> <span class='ocrx_word' id='word_1_52' title='bbox 772 1130 829 1186; x_wconf 83' lang='lat' dir='ltr'>ltaec</span> <span class='ocrx_word' id='word_1_53' title='bbox 839 1128 887 1185; x_wconf 83' lang='lat' dir='ltr'>est.</span> 
     </span>
     <span class='ocr_line' id='line_1_10' title="bbox 254 1210 960 1287; baseline 0.003 -23"><span class='ocrx_word' id='word_1_54' title='bbox 254 1210 338 1265; x_wconf 89' lang='lat' dir='ltr'>Nunc</span> <span class='ocrx_word' id='word_1_55' title='bbox 352 1231 382 1266; x_wconf 85' lang='lat' dir='ltr'>ea</span> <span class='ocrx_word' id='word_1_56' title='bbox 396 1232 453 1287; x_wconf 92' lang='lat' dir='ltr'>quo</span> <span class='ocrx_word' id='word_1_57' title='bbox 467 1211 545 1287; x_wconf 74' lang='lat' dir='ltr'>paslo</span> <span class='ocrx_word' id='word_1_58' title='bbox 559 1213 718 1287; x_wconf 77' lang='lat' dir='ltr'>gignantur,</span> <span class='ocrx_word' id='word_1_59' title='bbox 731 1225 756 1265; x_wconf 91' lang='lat' dir='ltr'>et</span> <span class='ocrx_word' id='word_1_60' title='bbox 766 1211 870 1285; x_wconf 87' lang='lat' dir='ltr'>impete</span> <span class='ocrx_word' id='word_1_61' title='bbox 886 1224 960 1266; x_wconf 89' lang='lat' dir='ltr'>tanto</span> 
     </span>
     <span class='ocr_line' id='line_1_11' title="bbox 211 1288 815 1366; baseline 0.002 -23"><span class='ocrx_word' id='word_1_62' title='bbox 211 1288 303 1355; x_wconf 76' lang='lat' dir='ltr'>fiant,</span> <span class='ocrx_word' id='word_1_63' title='bbox 320 1306 350 1345; x_wconf 90' lang='lat' dir='ltr'>ut</span> <span class='ocrx_word' id='word_1_64' title='bbox 363 1291 464 1366; x_wconf 78' lang='lat' dir='ltr'>possint</span> <span class='ocrx_word' id='word_1_65' title='bbox 475 1292 529 1347; x_wconf 70' lang='lat' dir='ltr'>illu</span> <span class='ocrx_word' id='word_1_66' title='bbox 540 1290 690 1347; x_wconf 81' lang='lat' dir='ltr'>discludere</span> <span class='ocrx_word' id='word_1_67' title='bbox 704 1291 815 1354; x_wconf 85' lang='lat' dir='ltr'>turreis,</span> 
     </span>
     <span class='ocr_line' id='line_1_12' title="bbox 211 1366 909 1444; baseline 0.003 -22"><span class='ocrx_word' id='word_1_68' title='bbox 211 1366 373 1426; x_wconf 87' lang='lat' dir='ltr'>Disturbare</span> <span class='ocrx_word' id='word_1_69' title='bbox 387 1371 494 1437; x_wconf 84' lang='lat' dir='ltr'>domos,</span> <span class='ocrx_word' id='word_1_70' title='bbox 510 1372 629 1426; x_wconf 89' lang='lat' dir='ltr'>avellere</span> <span class='ocrx_word' id='word_1_71' title='bbox 642 1370 730 1443; x_wconf 84' lang='lat' dir='ltr'>tigna,</span> <span class='ocrx_word' id='word_1_72' title='bbox 746 1369 909 1444; x_wconf 78' lang='lat' dir='ltr'>trabeisque,</span> 
     </span>
     <span class='ocr_line' id='line_1_13' title="bbox 211 1442 887 1521; baseline 0.003 -20"><span class='ocrx_word' id='word_1_73' title='bbox 211 1448 248 1502; x_wconf 85' lang='lat' dir='ltr'>Et</span> <span class='ocrx_word' id='word_1_74' title='bbox 260 1465 439 1506; x_wconf 89' lang='lat' dir='ltr'>monumenta</span> <span class='ocrx_word' id='word_1_75' title='bbox 453 1442 544 1506; x_wconf 76' lang='lat' dir='ltr'>virum</span> <span class='ocrx_word' id='word_1_76' title='bbox 557 1450 698 1512; x_wconf 90' lang='lat' dir='ltr'>demoliri,</span> <span class='ocrx_word' id='word_1_77' title='bbox 712 1464 793 1521; x_wconf 87' lang='lat' dir='ltr'>atque</span> <span class='ocrx_word' id='word_1_78' title='bbox 807 1450 887 1513; x_wconf 89' lang='lat' dir='ltr'>ciere,</span> 
     </span>
     <span class='ocr_line' id='line_1_14' title="bbox 211 1527 963 1605; baseline 0.004 -24"><span class='ocrx_word' id='word_1_79' title='bbox 211 1528 375 1584; x_wconf 83' lang='lat' dir='ltr'>Exanimare</span> <span class='ocrx_word' id='word_1_80' title='bbox 386 1529 523 1595; x_wconf 88' lang='lat' dir='ltr'>homiues,</span> <span class='ocrx_word' id='word_1_81' title='bbox 538 1531 655 1605; x_wconf 80' lang='lat' dir='ltr'>pecudes</span> <span class='ocrx_word' id='word_1_82' title='bbox 666 1530 836 1602; x_wconf 81' lang='lat' dir='ltr'>prosternere</span> <span class='ocrx_word' id='word_1_83' title='bbox 852 1527 963 1603; x_wconf 80' lang='lat' dir='ltr'>palsrtn:</span> 
     </span>
     <span class='ocr_line' id='line_1_15' title="bbox 210 1608 990 1684; baseline 0.003 -23"><span class='ocrx_word' id='word_1_84' title='bbox 210 1608 317 1663; x_wconf 83' lang='lat' dir='ltr'>Caetera</span> <span class='ocrx_word' id='word_1_85' title='bbox 331 1609 365 1663; x_wconf 91' lang='lat' dir='ltr'>de</span> <span class='ocrx_word' id='word_1_86' title='bbox 380 1629 476 1684; x_wconf 85' lang='lat' dir='ltr'>genere</span> <span class='ocrx_word' id='word_1_87' title='bbox 486 1608 544 1665; x_wconf 77' lang='lat' dir='ltr'>hoc</span> <span class='ocrx_word' id='word_1_88' title='bbox 559 1629 613 1684; x_wconf 85' lang='lat' dir='ltr'>qua</span> <span class='ocrx_word' id='word_1_89' title='bbox 627 1610 654 1663; x_wconf 92' lang='lat' dir='ltr'>vi</span> <span class='ocrx_word' id='word_1_90' title='bbox 666 1608 753 1663; x_wconf 84' lang='lat' dir='ltr'>facere</span> <span class='ocrx_word' id='word_1_91' title='bbox 767 1609 863 1664; x_wconf 87' lang='lat' dir='ltr'>omnia</span> <span class='ocrx_word' id='word_1_92' title='bbox 878 1609 990 1683; x_wconf 74' lang='lat' dir='ltr'>possint,</span> 
     </span>
     <span class='ocr_line' id='line_1_16' title="bbox 210 1687 959 1765; baseline 0.003 -25"><span class='ocrx_word' id='word_1_93' title='bbox 210 1687 377 1761; x_wconf 81' lang='lat' dir='ltr'>Expediam.</span> <span class='ocrx_word' id='word_1_94' title='bbox 389 1708 478 1762; x_wconf 90' lang='lat' dir='ltr'>neque</span> <span class='ocrx_word' id='word_1_95' title='bbox 493 1704 517 1743; x_wconf 90' lang='lat' dir='ltr'>te</span> <span class='ocrx_word' id='word_1_96' title='bbox 530 1690 559 1744; x_wconf 90' lang='lat' dir='ltr'>in</span> <span class='ocrx_word' id='word_1_97' title='bbox 575 1688 712 1765; x_wconf 80' lang='lat' dir='ltr'>promillis</span> <span class='ocrx_word' id='word_1_98' title='bbox 726 1689 806 1762; x_wconf 90' lang='lat' dir='ltr'>plura</span> <span class='ocrx_word' id='word_1_99' title='bbox 817 1690 959 1744; x_wconf 87' lang='lat' dir='ltr'>morabor.</span> 
     </span>
     <span class='ocr_line' id='line_1_17' title="bbox 254 1764 971 1843; baseline 0.001 -21"><span class='ocrx_word' id='word_1_100' title='bbox 254 1768 384 1823; x_wconf 86' lang='lat' dir='ltr'>Fulmina</span> <span class='ocrx_word' id='word_1_101' title='bbox 399 1769 508 1843; x_wconf 81' lang='lat' dir='ltr'>gignier</span> <span class='ocrx_word' id='word_1_102' title='bbox 521 1790 534 1823; x_wconf 91' lang='lat' dir='ltr'>e</span> <span class='ocrx_word' id='word_1_103' title='bbox 549 1769 646 1833; x_wconf 86' lang='lat' dir='ltr'>craffis,</span> <span class='ocrx_word' id='word_1_104' title='bbox 659 1770 765 1841; x_wconf 85' lang='lat' dir='ltr'>alteque</span> <span class='ocrx_word' id='word_1_105' title='bbox 781 1764 971 1843; x_wconf 85' lang='lat' dir='ltr'>putandum&#39;st</span> 
     </span>
     <span class='ocr_line' id='line_1_18' title="bbox 208 1847 874 1914; baseline 0 -12"><span class='ocrx_word' id='word_1_106' title='bbox 208 1847 341 1904; x_wconf 89' lang='lat' dir='ltr'>Nubibus</span> <span class='ocrx_word' id='word_1_107' title='bbox 353 1847 506 1914; x_wconf 74' lang='lat' dir='ltr'>exstrudlis3</span> <span class='ocrx_word' id='word_1_108' title='bbox 524 1870 589 1905; x_wconf 83' lang='lat' dir='ltr'>narn</span> <span class='ocrx_word' id='word_1_109' title='bbox 603 1850 670 1904; x_wconf 84' lang='lat' dir='ltr'>eoelo</span> <span class='ocrx_word' id='word_1_110' title='bbox 685 1850 761 1904; x_wconf 90' lang='lat' dir='ltr'>nulla</span> <span class='ocrx_word' id='word_1_111' title='bbox 769 1848 874 1914; x_wconf 86' lang='lat' dir='ltr'>sereno,</span> 
     </span>
     <span class='ocr_line' id='line_1_19' title="bbox 209 1928 918 2003; baseline 0 -19"><span class='ocrx_word' id='word_1_112' title='bbox 209 1929 269 1985; x_wconf 87' lang='lat' dir='ltr'>Nec</span> <span class='ocrx_word' id='word_1_113' title='bbox 279 1928 375 1985; x_wconf 88' lang='lat' dir='ltr'>leviter</span> <span class='ocrx_word' id='word_1_114' title='bbox 383 1928 469 1985; x_wconf 78' lang='lat' dir='ltr'>densis</span> <span class='ocrx_word' id='word_1_115' title='bbox 480 1930 632 1986; x_wconf 88' lang='lat' dir='ltr'>mittuntur</span> <span class='ocrx_word' id='word_1_116' title='bbox 640 1928 763 1984; x_wconf 87' lang='lat' dir='ltr'>nubibus</span> <span class='ocrx_word' id='word_1_117' title='bbox 777 1949 918 2003; x_wconf 83' lang='lat' dir='ltr'>unquam.</span> 
     </span>
     <span class='ocr_line' id='line_1_20' title="bbox 208 2007 948 2084; baseline 0.003 -21"><span class='ocrx_word' id='word_1_118' title='bbox 208 2009 283 2064; x_wconf 91' lang='lat' dir='ltr'>Nam</span> <span class='ocrx_word' id='word_1_119' title='bbox 296 2009 384 2065; x_wconf 88' lang='lat' dir='ltr'>dubio</span> <span class='ocrx_word' id='word_1_120' title='bbox 398 2011 497 2084; x_wconf 89' lang='lat' dir='ltr'>procul</span> <span class='ocrx_word' id='word_1_121' title='bbox 510 2008 562 2066; x_wconf 88' lang='lat' dir='ltr'>hoc</span> <span class='ocrx_word' id='word_1_122' title='bbox 575 2010 635 2066; x_wconf 86' lang='lat' dir='ltr'>fieri</span> <span class='ocrx_word' id='word_1_123' title='bbox 645 2007 785 2064; x_wconf 84' lang='lat' dir='ltr'>manifesta</span> <span class='ocrx_word' id='word_1_124' title='bbox 798 2009 877 2064; x_wconf 87' lang='lat' dir='ltr'>docet</span> <span class='ocrx_word' id='word_1_125' title='bbox 892 2029 948 2075; x_wconf 89' lang='lat' dir='ltr'>res,</span> 
     </span>
     <span class='ocr_line' id='line_1_21' title="bbox 209 2089 909 2165; baseline -0.003 -21"><span class='ocrx_word' id='word_1_126' title='bbox 209 2089 377 2164; x_wconf 76' lang='lat' dir='ltr'>Quodtuuc</span> <span class='ocrx_word' id='word_1_127' title='bbox 392 2109 443 2165; x_wconf 90' lang='lat' dir='ltr'>per</span> <span class='ocrx_word' id='word_1_128' title='bbox 455 2103 546 2146; x_wconf 90' lang='lat' dir='ltr'>totum</span> <span class='ocrx_word' id='word_1_129' title='bbox 561 2089 736 2145; x_wconf 85' lang='lat' dir='ltr'>concrescunt</span> <span class='ocrx_word' id='word_1_130' title='bbox 749 2108 808 2144; x_wconf 90' lang='lat' dir='ltr'>aera</span> <span class='ocrx_word' id='word_1_131' title='bbox 821 2090 909 2144; x_wconf 87' lang='lat' dir='ltr'>nubes</span> 
     </span>
     <span class='ocr_line' id='line_1_22' title="bbox 209 2166 966 2241; baseline -0.001 -16"><span class='ocrx_word' id='word_1_132' title='bbox 209 2168 353 2241; x_wconf 84' lang='lat' dir='ltr'>Undique,</span> <span class='ocrx_word' id='word_1_133' title='bbox 370 2169 412 2225; x_wconf 88' lang='lat' dir='ltr'>uti</span> <span class='ocrx_word' id='word_1_134' title='bbox 425 2171 549 2226; x_wconf 83' lang='lat' dir='ltr'>tenebras</span> <span class='ocrx_word' id='word_1_135' title='bbox 562 2169 669 2225; x_wconf 88' lang='lat' dir='ltr'>omneis</span> <span class='ocrx_word' id='word_1_136' title='bbox 678 2166 843 2223; x_wconf 85' lang='lat' dir='ltr'>Acherunta</span> <span class='ocrx_word' id='word_1_137' title='bbox 857 2187 966 2224; x_wconf 79' lang='lat' dir='ltr'>reamur</span> 
     </span>
     <span class='ocr_line' id='line_1_23' title="bbox 207 2247 904 2324; baseline 0.001 -23"><span class='ocrx_word' id='word_1_138' title='bbox 207 2247 343 2321; x_wconf 91' lang='lat' dir='ltr'>Liquilse,</span> <span class='ocrx_word' id='word_1_139' title='bbox 358 2263 384 2303; x_wconf 88' lang='lat' dir='ltr'>et</span> <span class='ocrx_word' id='word_1_140' title='bbox 398 2269 510 2324; x_wconf 79' lang='lat' dir='ltr'>magnas</span> <span class='ocrx_word' id='word_1_141' title='bbox 521 2251 583 2304; x_wconf 90' lang='lat' dir='ltr'>coeli</span> <span class='ocrx_word' id='word_1_142' title='bbox 599 2247 742 2322; x_wconf 84' lang='lat' dir='ltr'>complesse</span> <span class='ocrx_word' id='word_1_143' title='bbox 755 2266 904 2304; x_wconf 73' lang='lat' dir='ltr'>cavernas:</span> 
     </span>
     <span class='ocr_line' id='line_1_24' title="bbox 209 2326 829 2401; baseline 0.002 -19"><span class='ocrx_word' id='word_1_144' title='bbox 209 2327 371 2401; x_wconf 91' lang='lat' dir='ltr'>Usqueadeo</span> <span class='ocrx_word' id='word_1_145' title='bbox 385 2341 452 2383; x_wconf 89' lang='lat' dir='ltr'>tetra</span> <span class='ocrx_word' id='word_1_146' title='bbox 465 2328 629 2384; x_wconf 87' lang='lat' dir='ltr'>nimborum</span> <span class='ocrx_word' id='word_1_147' title='bbox 638 2326 718 2383; x_wconf 77' lang='lat' dir='ltr'>nodle</span> <span class='ocrx_word' id='word_1_148' title='bbox 732 2342 829 2384; x_wconf 84' lang='lat' dir='ltr'>coorta</span> 
     </span>
     <span class='ocr_line' id='line_1_25' title="bbox 150 2404 823 2480; baseline 0.003 -20"><span class='ocrx_word' id='word_1_149' title='bbox 150 2404 158 2412; x_wconf 78' lang='grc'><strong>’</strong></span> <span class='ocrx_word' id='word_1_150' title='bbox 205 2406 378 2480; x_wconf 87' lang='lat' dir='ltr'>Impendent</span> <span class='ocrx_word' id='word_1_151' title='bbox 390 2422 452 2461; x_wconf 84' lang='lat' dir='ltr'>atrae</span> <span class='ocrx_word' id='word_1_152' title='bbox 463 2407 623 2464; x_wconf 86' lang='lat' dir='ltr'>formidinis</span> <span class='ocrx_word' id='word_1_153' title='bbox 635 2426 683 2462; x_wconf 89' lang='lat' dir='ltr'>ora</span> <span class='ocrx_word' id='word_1_154' title='bbox 693 2406 823 2480; x_wconf 81' lang='lat' dir='ltr'>superne,</span> 
     </span>
     <span class='ocr_line' id='line_1_26' title="bbox 207 2486 867 2562; baseline 0 -22"><span class='ocrx_word' id='word_1_155' title='bbox 207 2487 284 2540; x_wconf 91' lang='lat' dir='ltr'>Cum</span> <span class='ocrx_word' id='word_1_156' title='bbox 300 2486 455 2542; x_wconf 89' lang='lat' dir='ltr'>commoliri</span> <span class='ocrx_word' id='word_1_157' title='bbox 470 2487 610 2562; x_wconf 87' lang='lat' dir='ltr'>tempeslas</span> <span class='ocrx_word' id='word_1_158' title='bbox 623 2486 742 2541; x_wconf 84' lang='lat' dir='ltr'>fulmina</span> <span class='ocrx_word' id='word_1_159' title='bbox 753 2500 867 2561; x_wconf 85' lang='lat' dir='ltr'>coeptat.</span> 
     </span>
     <span class='ocr_line' id='line_1_27' title="bbox 249 2565 992 2644; baseline 0.004 -24"><span class='ocrx_word' id='word_1_160' title='bbox 249 2565 395 2632; x_wconf 88' lang='lat' dir='ltr'>Praeterea,</span> <span class='ocrx_word' id='word_1_161' title='bbox 411 2567 531 2644; x_wconf 87' lang='lat' dir='ltr'>persaepe</span> <span class='ocrx_word' id='word_1_162' title='bbox 546 2571 627 2643; x_wconf 83' lang='lat' dir='ltr'>niger</span> <span class='ocrx_word' id='word_1_163' title='bbox 639 2585 749 2641; x_wconf 88' lang='lat' dir='ltr'>quoque</span> <span class='ocrx_word' id='word_1_164' title='bbox 763 2586 814 2642; x_wconf 90' lang='lat' dir='ltr'>per</span> <span class='ocrx_word' id='word_1_165' title='bbox 828 2584 903 2624; x_wconf 83' lang='lat' dir='ltr'>mare</span> <span class='ocrx_word' id='word_1_166' title='bbox 917 2565 992 2623; x_wconf 80' lang='lat' dir='ltr'>nim·</span> 
     </span>
     <span class='ocr_line' id='line_1_28' title="bbox 286 2647 350 2712; baseline 0 -11"><span class='ocrx_word' id='word_1_167' title='bbox 286 2647 350 2712; x_wconf 88' lang='lat' dir='ltr'>bus,</span> 
     </span>
     <span class='ocr_line' id='line_1_29' title="bbox 206 2725 887 2802; baseline 0.001 -20"><span class='ocrx_word' id='word_1_168' title='bbox 206 2727 249 2782; x_wconf 92' lang='lat' dir='ltr'>Ut</span> <span class='ocrx_word' id='word_1_169' title='bbox 263 2727 334 2802; x_wconf 84' lang='lat' dir='ltr'>picit</span> <span class='ocrx_word' id='word_1_170' title='bbox 348 2747 362 2781; x_wconf 91' lang='lat' dir='ltr'>e</span> <span class='ocrx_word' id='word_1_171' title='bbox 375 2730 443 2785; x_wconf 88' lang='lat' dir='ltr'>coelo</span> <span class='ocrx_word' id='word_1_172' title='bbox 457 2727 604 2784; x_wconf 83' lang='lat' dir='ltr'>demissum</span> <span class='ocrx_word' id='word_1_173' title='bbox 618 2729 736 2794; x_wconf 79' lang='lat' dir='ltr'>flumen,</span> <span class='ocrx_word' id='word_1_174' title='bbox 751 2725 887 2784; x_wconf 78' lang='lat' dir='ltr'>inundat</span> 
     </span>
     <span class='ocr_line' id='line_1_30' title="bbox 207 2806 975 2884; baseline 0.003 -23"><span class='ocrx_word' id='word_1_175' title='bbox 207 2807 252 2861; x_wconf 89' lang='lat' dir='ltr'>Sic</span> <span class='ocrx_word' id='word_1_176' title='bbox 265 2807 349 2873; x_wconf 87' lang='lat' dir='ltr'>cadit,</span> <span class='ocrx_word' id='word_1_177' title='bbox 364 2823 391 2863; x_wconf 92' lang='lat' dir='ltr'>et</span> <span class='ocrx_word' id='word_1_178' title='bbox 403 2807 487 2864; x_wconf 84' lang='lat' dir='ltr'>fertur</span> <span class='ocrx_word' id='word_1_179' title='bbox 503 2811 619 2865; x_wconf 84' lang='lat' dir='ltr'>tenebris</span> <span class='ocrx_word' id='word_1_180' title='bbox 633 2811 744 2884; x_wconf 89' lang='lat' dir='ltr'>procul,</span> <span class='ocrx_word' id='word_1_181' title='bbox 756 2821 782 2860; x_wconf 92' lang='lat' dir='ltr'>et</span> <span class='ocrx_word' id='word_1_182' title='bbox 793 2806 877 2863; x_wconf 85' lang='lat' dir='ltr'>trahit</span> <span class='ocrx_word' id='word_1_183' title='bbox 888 2821 975 2863; x_wconf 85' lang='lat' dir='ltr'>atram</span> 
     </span>
     <span class='ocr_line' id='line_1_31' title="bbox 205 2886 990 2964; baseline 0.003 -24"><span class='ocrx_word' id='word_1_184' title='bbox 205 2886 381 2943; x_wconf 85' lang='lat' dir='ltr'>Fulminibus</span> <span class='ocrx_word' id='word_1_185' title='bbox 391 2888 533 2962; x_wconf 81' lang='lat' dir='ltr'>gravidam</span> <span class='ocrx_word' id='word_1_186' title='bbox 544 2889 739 2964; x_wconf 87' lang='lat' dir='ltr'>tempellateni,</span> <span class='ocrx_word' id='word_1_187' title='bbox 755 2903 836 2961; x_wconf 90' lang='lat' dir='ltr'>atque</span> <span class='ocrx_word' id='word_1_188' title='bbox 845 2888 990 2960; x_wconf 81' lang='lat' dir='ltr'>procellis,</span> 
     </span>
     <span class='ocr_line' id='line_1_32' title="bbox 204 2965 873 3043; baseline 0.004 -24"><span class='ocrx_word' id='word_1_189' title='bbox 204 2965 335 3040; x_wconf 85' lang='lat' dir='ltr'>Ignibus,</span> <span class='ocrx_word' id='word_1_190' title='bbox 350 2987 380 3021; x_wconf 90' lang='lat' dir='ltr'>ac</span> <span class='ocrx_word' id='word_1_191' title='bbox 394 2968 484 3023; x_wconf 83' lang='lat' dir='ltr'>ventis</span> <span class='ocrx_word' id='word_1_192' title='bbox 498 2969 663 3043; x_wconf 88' lang='lat' dir='ltr'>cumprimis</span> <span class='ocrx_word' id='word_1_193' title='bbox 672 2968 729 3043; x_wconf 88' lang='lat' dir='ltr'>ipse</span> <span class='ocrx_word' id='word_1_194' title='bbox 740 2969 873 3040; x_wconf 82' lang='lat' dir='ltr'>repletus:</span> 
     </span>
     <span class='ocr_line' id='line_1_33' title="bbox 206 3045 967 3123; baseline 0.009 -25"><span class='ocrx_word' id='word_1_195' title='bbox 206 3045 242 3099; x_wconf 91' lang='lat' dir='ltr'>In</span> <span class='ocrx_word' id='word_1_196' title='bbox 254 3060 324 3101; x_wconf 89' lang='lat' dir='ltr'>terra</span> <span class='ocrx_word' id='word_1_197' title='bbox 337 3067 449 3123; x_wconf 89' lang='lat' dir='ltr'>quoque</span> <span class='ocrx_word' id='word_1_198' title='bbox 464 3063 494 3104; x_wconf 92' lang='lat' dir='ltr'>ut</span> <span class='ocrx_word' id='word_1_199' title='bbox 508 3046 675 3113; x_wconf 85' lang='lat' dir='ltr'>horrescant,</span> <span class='ocrx_word' id='word_1_200' title='bbox 689 3067 720 3102; x_wconf 91' lang='lat' dir='ltr'>ac</span> <span class='ocrx_word' id='word_1_201' title='bbox 734 3046 800 3101; x_wconf 70' lang='lat' dir='ltr'>tesla</span> <span class='ocrx_word' id='word_1_202' title='bbox 814 3048 967 3120; x_wconf 88' lang='lat' dir='ltr'>requirant.</span> 
     </span>
     <span class='ocr_line' id='line_1_34' title="bbox 133 3123 956 3202; baseline 0.007 -22"><span class='ocrx_word' id='word_1_203' title='bbox 133 3177 136 3180; x_wconf 80' lang='grc'>,</span> <span class='ocrx_word' id='word_1_204' title='bbox 203 3125 249 3180; x_wconf 90' lang='lat' dir='ltr'>Sic</span> <span class='ocrx_word' id='word_1_205' title='bbox 263 3126 348 3199; x_wconf 77' lang='lat' dir='ltr'>igitur</span> <span class='ocrx_word' id='word_1_206' title='bbox 362 3126 455 3201; x_wconf 86' lang='lat' dir='ltr'>supera</span> <span class='ocrx_word' id='word_1_207' title='bbox 467 3128 590 3184; x_wconf 84' lang='lat' dir='ltr'>nollrum</span> <span class='ocrx_word' id='word_1_208' title='bbox 605 3142 688 3202; x_wconf 91' lang='lat' dir='ltr'>caput</span> <span class='ocrx_word' id='word_1_209' title='bbox 700 3125 751 3182; x_wconf 81' lang='lat' dir='ltr'>effe</span> <span class='ocrx_word' id='word_1_210' title='bbox 763 3123 956 3200; x_wconf 75' lang='lat' dir='ltr'>putandum&#39;ll</span> 
     </span>
     <span class='ocr_line' id='line_1_35' title="bbox 202 3204 992 3283; baseline 0.01 -25"><span class='ocrx_word' id='word_1_211' title='bbox 202 3204 404 3278; x_wconf 84' lang='lat' dir='ltr'>Tempestatem</span> <span class='ocrx_word' id='word_1_212' title='bbox 417 3209 515 3264; x_wconf 86' lang='lat' dir='ltr'>altam:</span> <span class='ocrx_word' id='word_1_213' title='bbox 531 3207 706 3283; x_wconf 84' lang='lat' dir='ltr'>nequeenim</span> <span class='ocrx_word' id='word_1_214' title='bbox 718 3207 836 3281; x_wconf 87' lang='lat' dir='ltr'>caligine</span> <span class='ocrx_word' id='word_1_215' title='bbox 849 3221 928 3265; x_wconf 84' lang='lat' dir='ltr'>tanta</span> <span class='ocrx_word' id='word_1_216' title='bbox 990 3220 992 3225; x_wconf 90' lang='lat'>&#39;</span> 
     </span>
     <span class='ocr_line' id='line_1_36' title="bbox 204 3282 849 3361; baseline 0.006 -22"><span class='ocrx_word' id='word_1_217' title='bbox 204 3282 366 3342; x_wconf 85' lang='lat' dir='ltr'>Obruerent</span> <span class='ocrx_word' id='word_1_218' title='bbox 381 3301 475 3354; x_wconf 85' lang='lat' dir='ltr'>terras,</span> <span class='ocrx_word' id='word_1_219' title='bbox 492 3290 542 3347; x_wconf 85' lang='lat' dir='ltr'>nifi</span> <span class='ocrx_word' id='word_1_220' title='bbox 556 3288 721 3344; x_wconf 84' lang='lat' dir='ltr'>inaedificata</span> <span class='ocrx_word' id='word_1_221' title='bbox 734 3286 849 3361; x_wconf 88' lang='lat' dir='ltr'>superne</span> 
     </span>
     <span class='ocr_line' id='line_1_37' title="bbox 194 3363 818 3443; baseline -0.003 -18"><span class='ocrx_word' id='word_1_222' title='bbox 194 3363 292 3425; x_wconf 75' lang='lat' dir='ltr'>vMulta</span> <span class='ocrx_word' id='word_1_223' title='bbox 304 3363 398 3427; x_wconf 80' lang='lat' dir='ltr'>forent</span> <span class='ocrx_word' id='word_1_224' title='bbox 410 3372 505 3443; x_wconf 84' lang='lat' dir='ltr'>multis</span> <span class='ocrx_word' id='word_1_225' title='bbox 518 3384 627 3427; x_wconf 82' lang='lat' dir='ltr'>exemto</span> <span class='ocrx_word' id='word_1_226' title='bbox 639 3367 739 3426; x_wconf 82' lang='lat' dir='ltr'>nubila</span> <span class='ocrx_word' id='word_1_227' title='bbox 747 3364 818 3426; x_wconf 74' lang='lat' dir='ltr'>solet</span> 
     </span>
    </p>
   </div>
   <div class='ocr_carea' id='block_1_3' title="bbox 927 3421 988 3504">
    <p class='ocr_par' dir='ltr' id='par_1_3' title="bbox 927 3421 988 3504">
     <span class='ocr_line' id='line_1_38' title="bbox 927 3421 988 3504; baseline 0.033 -2"><span class='ocrx_word' id='word_1_228' title='bbox 927 3421 988 3504; x_wconf 64' lang='lat' dir='ltr'>na</span> 
     </span>
    </p>
   </div>
   <div class='ocr_carea' id='block_1_4' title="bbox 0 0 1184 3875">
    <p class='ocr_par' dir='ltr' id='par_1_4' title="bbox 0 0 1184 3875">
     <span class='ocr_line' id='line_1_39' title="bbox 0 0 1184 3875; baseline 0 2"><span class='ocrx_word' id='word_1_229' title='bbox 0 0 1184 3875; x_wconf 95' lang='lat' dir='ltr'> </span> 
     </span>
    </p>
   </div>
  </div>
 </body>
</html>
