2359 3875
317 426 518 497 LIBER
559 419 865 525 QUARTUS.
923 444 986 508 ¹⁰5

194 554 303 612 Nonne
316 555 403 623 vides,
416 575 501 631 quam
512 553 565 611 fine
573 554 697 620 subtilia,
709 570 848 631 quamque
859 544 987 605 minuta?

243 637 389 701 Praeterea‚
404 654 577 711 quecunque
591 635 641 691 suo
650 635 685 690 de
695 653 813 709 corpore
827 630 944 688 odorem

194 714 347 791 Exspirant
357 735 461 782 aerem,
474 734 603 791 panaces,
618 713 752 771 absinthia
768 729 848 778 tetra,

194 796 396 870 Abrotonique
408 815 516 872 graver,
531 809 559 850 et
573 794 658 850 trillie
671 808 834 851 centaurea:

195 874 535 950 Horum-unumquodvis
547 876 650 931 leviter
661 875 679 930 fi
693 873 763 931 sorte
776 873 873 935 ciebis,

198 956 428 1031 Quamprimum
440 954 535 1011 noscas
544 974 638 1010 rernm
653 955 793 1011 fimulacra
805 970 904 1028 vagare

196 1036 304 1101 Multa,
320 1035 414 1092 modis
422 1036 530 1101 multis,
544 1036 624 1091 nulla
636 1034 677 1101 vi,
691 1032 812 1109 cassaque
826 1032 914 1090 sensu.

197 1115 336 1190 Quorum
348 1116 484 1190 quantula
498 1134 563 1190 pars
574 1114 607 1170 sit
619 1114 722 1190 imago,
738 1114 829 1170 dicere
842 1106 970 1176 neruosi,

199 1195 261 1269 Qui
276 1194 368 1269 possit,
382 1214 475 1269 neque
487 1214 547 1251 eam
559 1193 696 1250 rationem
709 1194 823 1251 reddere
835 1190 927 1248 dissic.

243 1274 298 1330 Sed
312 1296 347 1331 ne
359 1274 433 1330 sorte
445 1289 526 1349 puter
538 1294 569 1330 ea
579 1273 694 1331 demum
701 1273 756 1330 sola
768 1290 878 1347 vagare.

200 1356 386 1431 Qpaecnnqne
399 1354 434 1409 ab
446 1354 529 1409 rebus
541 1372 634 1410 rerum
647 1354 790 1410 simulacra
800 1349 947 1408 recedunt:

198 1435 273 1490 Sunt
286 1434 379 1508 etiarn,
395 1453 458 1507 quae
471 1432 567 1508 sponte
580 1432 628 1489 sun
640 1434 806 1508 gignuntur,
822 1444 849 1487 et
862 1428 923 1505 ipsa

198 1511 424 1570 constituuntur
436 1515 468 1569 in
480 1510 623 1588 hocccclo.
637 1512 857 1586 quidicitnraer;

199 1593 275 1668 Qpae
285 1593 380 1648 multis
394 1589 511 1648 formata
519 1591 612 1647 modis
625 1591 741 1648 sublime
754 1590 899 1657 ferunturt

196 1673 258 1729 Nee
271 1671 392 1748 speciem
405 1686 514 1729 mutare
525 1670 603 1728 suum
615 1671 752 1746 liquentia
764 1668 880 1737 cessante
912 1701 914 1706 ·

198 1753 236 1807 Et
247 1750 407 1828 quoiusque
419 1750 497 1810 modi
510 1750 669 1810 formarum
682 1766 787 1808 vertere
799 1752 830 1810 in
843 1770 903 1808 ora.

198 1832 241 1889 Ut
253 1831 354 1889 nubeia
366 1830 445 1889 sicile
455 1831 598 1889 interdum
608 1830 775 1888 concrescere
787 1829 885 1890 inalto

196 1912 363 1980 Cernimus,
377 1926 405 1970 et
416 1911 516 1971 mundi
528 1909 646 1989 speciem
657 1911 760 1971 violare
769 1910 911 1979 serenent

197 1994 277 2051 Aera
288 1993 450 2051 mulcenteie
463 2005 560 2049 motu:
576 2011 642 2048 uam
654 1993 724 2068 saepe
737 1992 893 2067 Gigantum

200 2073 265 2132 Ora
277 2075 370 2130 volare
382 2072 526 2138 videntur,
540 2087 567 2127 ct
580 2073 709 2129 umbram
719 2071 821 2128 ducere
833 2072 903 2127 latet

198 2152 351 2211 Interdum
364 2152 460 2227 magni
472 2164 590 2217 montet,
602 2151 746 2225 avolsaque
759 2150 822 2207 saxa

200 2231 351 2291 Montibus
364 2230 479 2297 anteire,
493 2244 521 2285 et
534 2230 620 2289 solem
633 2229 775 2287 succedere
789 2246 910 2306 precere.

200 2312 274 2369 Inde
286 2312 356 2368 alios
365 2307 484 2377 trahere,
496 2324 577 2385 atque
585 2309 718 2367 inducere
728 2310 820 2367 bellna
829 2313 953 2371 nimbos.

245 2392 331 2449 Nunc
344 2406 469 2465 eaquam
482 2388 570 2456 sacili,
581 2405 610 2446 et
618 2389 702 2447 celeri
715 2390 823 2448 ratione
835 2407 982 2469 genantun

199 2474 399 2548 Perpetuoque
411 2469 646 2537 nuntientur,
660 2469 790 2546 lapsaque
802 2473 910 2530 cedant.

166 2604 171 2609 .
199 2553 318 2626 Semper
330 2548 406 2607 enim
418 2549 558 2607 summum
567 2549 749 2626 quidquidde
759 2553 839 2607 rebus
851 2551 986 2618 abundat,

200 2631 293 2710 Quod
300 2631 479 2708 jaculenture
497 2643 524 2687 et
534 2627 589 2686 hoc
601 2628 740 2687 aliaeeum
752 2630 879 2704 pervenit
891 2631 922 2688 in
932 2649 985 2697 ret,

197 2711 327 2776 Transt3
344 2710 419 2767 utin
432 2709 656 2785 primievesteme
671 2709 715 2764 sed
729 2709 760 2764 in
773 2708 869 2784 aspera
883 2709 958 2778 saxa,

199 2793 264 2849 Aut
275 2791 308 2847 in
320 2790 463 2847 materiem
473 2804 505 2847 ut
513 2789 585 2865 ligni
598 2789 744 2865 pervenite
758 2788 801 2845 ibi
808 2788 821 2865 j

201 2870 363 2936 Scinditur,
376 2881 408 2925 ut
421 2869 718 2927 nullum-simulacrum
732 2868 845 2926 reddere
857 2870 951 2947 possit.

201 2953 245 3007 At
263 2969 342 3015 cum,
356 2948 498 3026 splendida
510 2968 572 3024 quae
584 2949 719 3016 constant,
733 2950 986 3027 opposta-suerunt,

201 3031 363 3106 Denlaquet
381 3028 454 3086 utin
476 3029 578 3107 primis
592 3027 782 3106 speculum'sl:
797 3030 871 3088 nihil
887 3034 989 3092 accidit

282 3109 398 3167 horum.

205 3191 280 3247 Nam
293 3210 395 3268 neque,
411 3190 453 3246 uti
467 3188 577 3258 rellem¹
595 3189 675 3267 possit
688 3188 818 3257 transrrc3
834 3211 923 3267 neque
936 3215 985 3250 an-

285 3284 312 3327 te
658 3282 665 3290 “

203 3348 309 3419 scindi,
323 3369 408 3428 quam
417 3344 548 3409 meminit
558 3351 644 3410 laevor
656 3347 781 3428 praeslare
794 3352 919 3413 filutem.
1040 3386 1042 3391 ‚

905 3431 986 3508 Qu.
