2359 3875
427 293 444 330 s

202 400 253 491 36
367 361 860 499 .rtvcrrrm

246 530 335 614 Quod
347 527 481 607 quoriiam
494 532 607 600 constat,
619 531 756 588 nimirum
764 529 842 585 nulla
851 525 924 603 quiet

203 615 326 686 Reddita
340 614 504 688 corporibus
513 614 614 688 primis
627 633 677 689 per
688 613 774 667 Inane
789 607 924 685 profundi

202 697 255 754 Sed
269 694 355 770 magis
369 693 484 759 effidem
500 695 632 770 varioque
645 692 762 747 exercita
775 707 867 755 motu,

202 776 308 835 Partim
320 773 473 830 intervallis
486 776 593 849 magnis
607 771 732 830 conflicta
743 770 887 827 resultant:

202 860 270 914 Pars
282 857 363 911 etiam
378 854 508 910 brevibus
522 856 618 930 spatiis
630 870 769 909 nexautur
781 852 815 906 ab
830 850 901 906 iclu.

202 939 239 993 Et
252 954 423 1010 quecunque
438 935 524 1010 magis
534 935 672 990 condenso
686 932 849 997 conciliatu,

202 1016 322 1092 Exiguis
335 1014 488 1070 intervallis
500 1033 623 1071 connexa
639 1015 779 1078 resultant,

202 1096 382 1171 Endopedita
392 1093 447 1150 suis
462 1096 604 1170 perplexis
618 1095 677 1169 ipsa
693 1093 788 1168 figuris
801 1116 809 1157 ;

203 1179 272 1235 Haec
285 1175 390 1232 validas
403 1175 458 1231 saxi
472 1175 586 1241 radrces,
603 1191 630 1231 et
643 1175 699 1229 fera
714 1175 784 1230 l'erri-

201 1260 331 1332 Corpora
345 1247 525 1322 constituunt,
541 1271 568 1309 et
580 1271 674 1310 caetera
683 1255 718 1309 de
732 1273 830 1329 genere
844 1250 924 1309 horu]

200 1337 339 1396 Paucula:
357 1336 429 1409 Quae
439 1355 524 1412 porm
535 1354 669 1409 magnum
680 1355 730 1409 per
740 1337 825 1389 Inane
836 1353 924 1409 vagan

200 1421 237 1475 Et
249 1418 302 1472 cite
311 1416 447 1472 diffiliunt
457 1420 550 1491 longe,
566 1418 702 1491 longeque
715 1414 853 1470 recursant

202 1501 238 1555 In
251 1497 357 1573 magnis
371 1497 541 1559 intervallis3
566 1495 622 1551 haec
635 1516 695 1551 aera
706 1516 799 1551 rarum

199 1577 347 1635 Sufficiunt
359 1577 450 1642 nobis,
462 1590 488 1633 et
502 1577 645 1651 splendida
655 1577 760 1631 lumina
774 1576 850 1632 solis.

243 1659 389 1730 Multaque
404 1673 670 1733 pretereamagnum
679 1678 728 1731 per
739 1659 827 1712 Inane
836 1676 923 1731 vagari

203 1737 343 1795 Conciliis
356 1757 449 1792 rerum
459 1758 518 1811 quae
533 1738 595 1792 sunt
610 1738 715 1814 rejecta,
732 1758 780 1792 nec
795 1739 911 1811 usquam

198 1816 371 1875 Consocia're
386 1819 470 1873 etiam
483 1833 575 1874 motus
589 1834 705 1893 potuere
719 1834 841 1893 recepta:

201 1900 301 1975 Cujus,
315 1897 355 1952 uti
371 1917 505 1965 mcmom,
521 1900 560 1955 rei
576 1900 762 1964 simu-lacrum,
775 1915 802 1955 et
815 1899 908 1974 imago

199 1982 277 2038 Ante
289 1980 385 2034 oculos
398 1979 506 2055 semper
518 1982 599 2036 nobie
609 1982 743 2045 versatur,
758 1996 785 2035 et
799 1981 894 2036 instat.¹

200 2059 414 2134 Contemplator
427 2061 511 2125 enim,
528 2082 594 2116 curn
608 2061 669 2116 solis
681 2062 787 2117 lumina
802 2079 912 2135 cunque

199 2141 328 2197 Insertim
343 2132 467 2196 fundirnt
480 2141 569 2198 radios
580 2161 630 2216 per
642 2161 729 2216 opaca
742 2141 910 2196 domorum:

199 2223 292 2279 Multa
302 2220 410 2275 minuta
417 2220 514 2276 modis
524 2222 620 2277 multis
632 2241 686 2296 per·
696 2226 778 2278 inane
791 2222 898 2277 videbis

199 2305 329 2375 Corpora
340 2299 448 2356 misceri
462 2301 606 2359 radiorum
619 2303 731 2358 lumine
741 2305 771 2358 in
785 2302 877 2377 ips03.

199 2384 235 2437 Et
248 2381 325 2437 velut
339 2393 440 2437 aeterno
453 2385 603 2436 certamine
613 2383 723 2457 proelia,
740 2384 906 2458 pugnasque,

199 2461 289 2518 Edere
299 2462 442 2516 turmatim
456 2462 604 2527 certantia;
628 2483 679 2517 nec
688 2463 751 2520 dare
766 2464 889 2539 pausam,

200 2540 348 2605 conciliis,
361 2554 387 2594 et
399 2537 655 2611 discidiisexeicita
669 2544 785 2599 crebris:

199 2621 344 2698 Conjicere
357 2635 389 2677 ut
399 2622 479 2698 possis
489 2642 523 2677 cx
536 2621 600 2689 hoc,
614 2625 772 2698 primordia
786 2645 889 2696 rerum,

199 2703 293 2780 Quale
304 2701 386 2765 [it‚'in
396 2720 497 2778 magno
505 2703 602 2779 jactari
618 2703 726 2780 semper
740 2706 835 2761 Inani.
873 2732 875 2740 ·

197 2783 343 2838 Duntax'at
355 2801 449 2837 rerum
462 2802 624 2858 magnarum
636 2805 722 2859 parva
738 2788 823 2860 potest
836 2809 878 2844 res

199 2862 366 2935 Exemplare
377 2862 452 2927 dare,
467 2875 494 2916 et
508 2863 620 2937 vestigia
629 2865 751 2921 notitiai.

240 2941 392 2995 Hocetiam
403 2941 494 3016 magis·
502 2940 560 2998 haec
568 2964 695 3000 animum
704 2961 728 3001 te
736 2947 877 3006 advertere
883 2970 924 3026 paz

197 3021 336 3095 Corpore,
352 3040 413 3096 quae
426 3021 456 3075 in
470 3021 533 3078 sotis
546 3025 632 3080 radiis
643 3027 752 3082 turbare
765 3028 912 3087 videntur:

197 3099 286 3175 Qrod
300 3102 364 3156 tales
376 3102 462 3157 turbe
471 3117 562 3159 motus
574 3125 686 3179 quoque
699 3109 834 3165 materiai-

195 3179 359 3253 Significant
371 3182 563 3248 clandestinos,
579 3186 714 3261 cecosque
728 3187 840 3246 subesse.

195 3260 288 3316 Multa
301 3261 410 3319 videbis
422 3263 497 3319 enim
512 3265 600 3341 plagis
609 3262 649 3320 ibi
664 3268 768 3341 percita
781 3270 858 3328 cecis

197 3341 381 3398 Cummutare
390 3344 475 3411 viam,
489 3360 617 3422 retroque
630 3347 736 3424 repulia
750 3352 850 3408 reverti

879 3429 924 3528 .N¹
