2359 3875
361 497 419 608 T
506 491 535 607 1
621 492 679 603 Τ
766 489 794 604 I

184 735 988 865 LUCRETIICARI

544 985 624 1052 DE

240 1161 543 1287 RERUM
572 1183 922 1289 NATURA.

406 1459 661 1541 LIBER
731 1460 764 1539 Ι.
845 1579 853 1589 ⁶

263 1681 495 1740 ENEADUM
509 1679 648 1758 genetrix,
663 1676 814 1736 hominum
824 1679 979 1758 divumque

323 1765 465 1838 voluptas,

191 1849 279 1908 Alma
289 1844 399 1908 Venus,
411 1843 472 1898 toeli
487 1841 580 1898 subter
593 1840 713 1897 labentia
728 1839 801 1916 signa

193 1929 269 2005 Quae
283 1945 357 1981 mare
370 1923 547 1999 navigerum,
562 1943 623 1996 quae
638 1936 722 1976 terras
735 1920 937 1998 frugiferenteis

193 2007 395 2068 Concelebras3
419 2023 470 2079 per
491 2003 534 2058 Te
557 2002 692 2077 quoniam
715 2021 800 2077 genus
820 2023 903 2059 omne
920 2008 978 2063 ani·

323 2099 450 2140 mantum

198 2167 382 2241 concipitur,
397 2164 511 2238 vifitqne
524 2178 654 2219 exortum
669 2161 776 2219 lumina
790 2164 867 2221 solist

193 2249 248 2311 Te,
264 2247 332 2310 Dea,
349 2261 373 2299 te
388 2244 500 2318 fugiunt
513 2244 602 2308 venti,
619 2260 644 2298 te
658 2243 755 2299 nubila
769 2246 842 2312 coeli,
885 2237 890 2248 ’

193 2328 415 2397 Adventurnque
429 2340 526 2379 tuum:
551 2324 603 2378 tibi
617 2324 720 2379 suaveis
733 2323 837 2381 daedala
852 2328 929 2385 tellus

195 2405 354 2465 Summittit
368 2404 458 2466 flores,
472 2404 520 2458 tibi
537 2403 630 2458 rident
644 2422 753 2477 aequora
764 2408 857 2481 ponti,

195 2489 396 2558 Placatumqne
405 2485 476 2538 nitet
487 2481 587 2538 diffuso
601 2484 707 2539 lumine
720 2488 831 2542 caelum.

195 2570 271 2624 Nam
285 2565 365 2620 fimul
377 2585 409 2619 ae
423 2564 521 2639 species
535 2560 704 2637 patefatia'st
718 2586 801 2620 verna
814 2567 879 2634 diei,

196 2648 233 2702 Et
256 2645 369 2701 reserata
382 2645 456 2719 viget
468 2644 625 2719 genitabilis
638 2663 704 2697 aura
719 2646 846 2711 Favonh

195 2728 290 2784 Aeriae
302 2724 427 2800 primurn
441 2725 567 2779 tolueres
581 2738 618 2788 te,
635 2722 719 2788 Diva,
736 2739 872 2801 tuumque

198 2805 364 2883 Significant
377 2804 481 2858 initum
491 2802 621 2878 perculsa
633 2803 717 2859 corda
732 2819 777 2861 tua
790 2808 833 2862 vi.

199 2886 273 2943 Inde
286 2884 349 2939 ferae
363 2883 479 2959 pecudes
492 2883 644 2959 persultant
657 2887 758 2960 pabula
771 2888 843 2956 lata,

198 2968 237 3023 Et
249 2963 361 3040 rapidos
375 2979 482 3018 tranant
496 2965 617 3030 amnei53
642 2965 680 3021 ita
693 2982 772 3041 capta
786 2970 891 3045 lepore,

199 3043 394 3117 lliecebrisque
409 3043 463 3098 tuis
474 3045 566 3099 omnis
575 3060 674 3100 natura
688 3047 862 3105 animantum

198 3126 243 3183 Te
255 3124 375 3200 sequitur
387 3123 502 3198 cupide,
517 3143 573 3199 qno
586 3145 724 3200 quamque
738 3128 868 3186 inducere
878 3135 982 3212 pergis.

199 3205 329 3277 Denique
337 3222 387 3278 per
399 3204 495 3268 maria,
507 3224 538 3259 ac
549 3204 678 3273 moneris,
691 3206 843 3283 fluviosque
852 3216 982 3288 rapereris,

199 3282 430 3357 frondiferasque
439 3284 649 3350 domosavim,
664 3289 829 3364 camposque
840 3292 980 3361 virenteis‚

202 3364 347 3425 Omnibus
358 3363 496 3422 incutiens
508 3364 643 3421 blandum
660 3386 710 3446 per
727 3369 993 3447 pednraatnnrern„

575 3447 608 3506 A
893 3450 1017 3520 ffixdm
