2359 3875
271 397 320 488 56
418 353 883 465 rproca‘rrrr
961 407 963 412 ·

272 525 356 583 Reda
365 539 413 581 aut
422 525 535 601 obliqua
550 523 690 599 percussus
702 526 763 579 luce
774 522 912 597 refulget?

272 607 372 661 Pluma
385 606 579 661 columbarum
593 624 650 678 quo
663 603 742 678 padio
755 604 785 658 in
799 602 853 658 sose
866 600 990 668 ,videtum

273 686 348 761 Qpae
357 684 404 740 fita
416 685 535 741 cervices
545 685 662 749 circum,
678 684 835 756 collumque
848 696 979 737 coronat:

271 764 400 838 Namque
415 763 479 819 alias
493 764 524 819 fit
537 763 579 820 uti
595 764 680 827 rubro
691 763 799 818 sitclara
814 780 926 838 pyropo
938 783 948 825 3

272 843 420 906 Interdum
433 842 554 916 quodam
567 842 643 898 sensu
656 842 698 907 fit,
716 843 756 897 uti
771 842 899 897 videatur

274 923 356 977 Inter
368 924 517 978 caeruleum
531 921 649 977 virideis
662 920 771 977 miscere
784 920 951 995 smaragdos.

273 1001 425 1076 Caudaque
441 1002 569 1077 pavonis,
581 1003 656 1076 larga
670 1022 734 1057 cum
746 1004 806 1057 luce
821 997 965 1076 repleta'st‚

275 1081 423 1138 Consimili
436 1097 525 1136 mutat
535 1082 641 1137 ratione
650 1081 764 1137 obversa
774 1082 890 1137 colores:

275 1161 337 1236 Qui
350 1161 484 1236 quoniam
496 1160 618 1235 quodam
633 1162 787 1236 gignuntur
796 1160 911 1227 luminis
924 1159 995 1229 ictu,

271 1241 387 1297 'Scilicet
395 1241 425 1297 id
439 1240 493 1298 sme
503 1260 535 1297 eo
549 1241 609 1297 sieri
623 1261 680 1296 non
695 1238 769 1315 posse
783 1235 956 1315 putandu'st.

315 1322 352 1376 Et
364 1321 499 1396 quoniam
513 1322 599 1396 psagae
612 1320 754 1393 quoddam
768 1340 854 1395 genus
866 1321 973 1395 excipit
986 1317 1018 1375 in
1034 1318 1058 1375 se

274 1401 397 1476 Pupula‚
409 1421 473 1456 cum
487 1400 583 1455 sentire
596 1402 719 1458 colorem
729 1400 833 1455 dicitur
842 1401 953 1465 album3

273 1481 372 1554 Atque
384 1480 459 1536 aliud
475 1499 571 1554 porro,
586 1480 699 1555 nigrum
711 1500 786 1546 cum,
804 1495 945 1546 mentera,
961 1478 1058 1543 sentin,

275 1560 334 1615 Nec
350 1559 433 1615 refert
445 1580 486 1624 ea,
508 1579 568 1634 quae
583 1574 689 1635 tangas,
706 1580 762 1634 quo
776 1558 846 1615 sorte
859 1561 950 1615 colore

275 1639 395 1695 Praedita
407 1640 469 1704 fine,
481 1659 578 1696 verum
591 1639 668 1714 quali
682 1640 769 1715 magis
782 1655 846 1715 apta
859 1639 968 1713 figura:

276 1718 350 1775 Scire
365 1719 439 1785 licet,
454 1720 495 1775 nil
507 1719 659 1795 principiis
671 1740 745 1795 opus
757 1719 807 1775 effe
821 1720 941 1775 colores:

277 1798 331 1855 Sed
343 1799 424 1854 variis
434 1798 531 1855 formis
543 1800 689 1855 varianteis
703 1800 781 1857 edere
791 1798 887 1855 ratius.

320 1879 462 1946 Praeterea‚
473 1880 606 1954 quoniam
617 1900 677 1936 non
690 1880 770 1936 certis
782 1894 854 1935 certa
867 1878 967 1956 figuris

276 1957 322 2014 Est
331 1973 430 2016 natura
439 1961 548 2027 coloris,
565 1975 590 2016 et
600 1963 695 2016 omnia
705 1962 913 2036 principiorum

276 2042 471 2098 formamenta
483 2056 589 2115 queunt
599 2042 632 2097 in
643 2040 744 2115 quovis
752 2040 802 2096 esse
816 2041 925 2096 nitore:

277 2121 338 2176 Cur
351 2141 392 2186 ea,
408 2141 468 2195 quae
482 2120 606 2176 constant
614 2140 650 2177 cx
662 2121 731 2186 illis,
741 2140 798 2176 non
808 2121 912 2195 pariter
922 2122 986 2178 sunt

277 2199 445 2275 Omnigenis
455 2199 562 2274 perfusa
574 2201 714 2256 coloribus
728 2201 758 2255 in
768 2220 867 2275 genere
879 2202 981 2257 omni?

275 2280 468 2335 Conveniebat
481 2279 558 2335 enim
572 2299 670 2336 corvos
682 2300 793 2354 quoque
817 2280 886 2356 saepe
902 2281 1039 2338 volenteis

276 2359 321 2413 Ex
334 2358 404 2414 albis
417 2359 512 2415 album
526 2359 625 2434 pennis
633 2359 735 2435 jadare
747 2361 880 2426 colorem3

276 2438 313 2491 Et
325 2437 418 2513 nigros
433 2438 493 2493 fieri
507 2439 589 2514 nigro
602 2438 637 2495 de
650 2439 753 2496 semine
766 2459 879 2516 cycnos,

275 2517 337 2573 Aut
349 2518 406 2592 aiio
419 2519 521 2592 quovis
534 2538 603 2585 uno,
619 2522 754 2594 varioque
767 2521 871 2575 colore.

321 2597 605 2673 Quinctiumquanto
613 2600 644 2654 in
659 2600 807 2676 parteisres
816 2601 1058 2676 quaequeminutas

275 2676 447 2734 Distrahitur
460 2680 564 2754 magis3
588 2678 642 2735 hoc
656 2680 743 2756 magis
757 2679 793 2734 est
807 2694 837 2734 ut
850 2699 960 2737 cernere
973 2681 1055 2757 poffis

275 2757 439 2815 Evauescere
454 2759 612 2832 paullatim,
625 2758 782 2834 stinguique
791 2760 926 2818 colorem:

205 2894 209 2899 ,
276 2837 317 2893 Ut
331 2838 362 2894 sit
374 2837 424 2892 ubi
438 2837 468 2891 in
483 2857 581 2910 pamas
595 2839 696 2912 parteis
709 2838 876 2913 discerpitur
890 2860 1005 2909 aurum,

275 2917 416 2990 Purpura,
428 2916 625 2991 poeniceusque
638 2918 715 2974 color
727 2916 883 2977 clariflimu'
899 2921 1002 2984 multu,
1038 2980 1040 2987 ,

275 2997 385 3053 Fisat'rm
398 3015 463 3051 cum
474 2995 615 3052 distractus
629 2997 799 3073 disperditur
811 3001 921 3056 omnis:

273 3074 390 3131 Noscere
403 3089 434 3130 ut
446 3073 611 3152 hincpossrs,
625 3079 704 3152 prius
713 3097 826 3133 omnem
840 3077 930 3135 efflare
937 3081 1057 3136 colorem

275 3156 438 3221 Particum,
453 3173 537 3230 quam
550 3155 690 3214 discedant
700 3157 734 3213 ad
750 3157 850 3214 semina
863 3179 972 3217 rerum.

317 3233 471 3301 Postremo,
487 3237 621 3310 quoniam
634 3256 691 3292 non
704 3237 800 3292 omnia
812 3251 931 3313 corp'ora
946 3260 1044 3297 vocem

273 3315 385 3374 Mittere
398 3315 537 3386 concedis,
552 3335 642 3392 neque
652 3316 783 3375 odotem:
806 3334 956 3396 propterea
969 3321 1012 3388 fit,

1016 3399 1056 3457 Ut
