2359 3875
202 429 299 519 n.
367 424 833 498 rrucurrrr

197 557 275 614 Finit
287 556 363 616 enim
376 557 504 623 calonne
517 555 624 632 frigus3
649 556 790 631 mediique
804 571 913 631 tepores
953 585 956 589 Δ

197 639 276 695 Inter
289 652 437 712 utrumque
444 640 547 714 jacent,
558 638 701 713 explentes
710 636 811 694 ordine
819 636 970 692 summam.

195 719 271 793 Ergo
284 718 364 795 finita
374 717 476 775 distant
488 719 595 774 ratione
608 733 714 782 creatu

196 796 328 876 Ancipiti
338 798 473 873 quoniam
484 816 620 854 mucrone
632 800 767 872 utrinque
781 811 929 859 notantur,

198 877 276 935 Hine
288 878 418 945 flammis,
428 880 507 935 illinc
518 877 616 954 rigidis
625 876 719 934 inseffa
729 878 851 952 pruinis.

241 958 332 1035 Quod
344 958 480 1033 quoniam
492 958 589 1024 docui,
606 978 720 1035 pergam
734 956 894 1014 conneiiere
908 973 979 1019 rem.

282 1040 357 1114 Qun

198 1119 243 1177 Ex
255 1118 310 1175 hoc
323 1133 387 1194 apta
400 1118 485 1175 fidem
498 1118 596 1175 ducit:
620 1118 778 1195 primordia
791 1138 898 1183 rerum,
953 1144 967 1159 ·-

200 1200 279 1257 Inter
291 1199 315 1255 se
327 1197 481 1275 fimiiiquae
495 1199 558 1256 sunt
566 1197 685 1275 perfetta
699 1200 798 1275 figum,

199 1280 315 1339 Infinita
328 1281 434 1336 clueret
451 1280 552 1335 etenim
565 1278 694 1335 distantia
706 1299 770 1335 cum
785 1279 816 1334 fit

199 1363 365 1417 Formarum
378 1359 469 1426 finita,
480 1355 626 1424 necessest,
642 1379 701 1433 qut
715 1360 813 1417 similer
823 1361 885 1424 unt,

147 1507 150 1513 ι
198 1440 259 1497 Effe
268 1439 409 1496 infinitas:
420 1454 484 1496 ›aut
496 1440 632 1495 summam
647 1442 772 1496 materiai

200 1520 321 1577 Finitam
334 1517 471 1576 constare:
495 1518 524 1572 id
538 1518 615 1592 quod
628 1538 685 1575 non
698 1519 750 1576 effe
764 1520 896 1597 probavi.

244 1598 332 1677 Quod
349 1601 484 1673 quoniam
502 1599 597 1665 docui,
618 1619 695 1655 nunc
719 1600 896 1678 suaviloquia,
918 1619 981 1676 age,

320 1698 418 1754 paucis

198 1760 332 1817 Versibus
344 1757 494 1826 ostendam,
509 1759 671 1835 corpuscula
683 1762 808 1817 materiai

200 1833 245 1897 Ex
255 1839 367 1896 infinito
380 1838 517 1896 summam
531 1859 625 1895 rerum
635 1840 718 1916 usque
731 1859 833 1908 tenere,

201 1919 337 1995 Undique
352 1923 460 1996 protelo
471 1921 617 1997 plagarum
628 1921 803 1985 continuato.

241 2000 985 2077 Namquodraravidesmagiseffeauimaliaquaedam‚

199 2081 422 2156 Foecuudamque
434 2083 528 2138 minus
541 2097 668 2138 naturam
678 2083 766 2138 cernis
779 2077 809 2139 i‘n
823 2083 897 2149 illis3
935 2084 937 2091 '

198 2162 241 2220 At
256 2162 378 2238 regione,
395 2165 511 2237 iocoque
523 2163 589 2227 aiio,
608 2163 738 2238 terrisque
751 2164 863 2220 remotis

198 2243 292 2298 Multa
304 2243 367 2298 licet
376 2260 474 2317 genere
483 2241 534 2297 effe
547 2243 577 2296 in
591 2261 634 2306 eo,
645 2262 850 2319 numerumque
864 2244 978 2320 repleri.

199 2323 286 2378 Sicuti
300 2321 518 2398 quadrupedum
530 2341 596 2377 curn
606 2323 705 2397 primis
719 2323 770 2380 effe
784 2323 912 2380 videmus

200 2403 236 2456 In
251 2420 349 2477 genere
361 2401 544 2478 anguimauos
553 2401 698 2470 defuturos,
715 2404 798 2459 India
811 2423 938 2478 quorum

200 2482 330 2538 Millibus
344 2501 358 2536 e
370 2483 468 2538 multis
482 2485 554 2539 vallo
566 2483 694 2539 munitur
706 2485 825 2550 eburno,

201 2563 243 2619 Ut
256 2562 369 2638 penitus
381 2579 498 2638 nequeat
510 2563 665 2639 penetrari:
689 2579 763 2620 tanta
777 2564 897 2621 feramm

200 2642 254 2699 Vis
267 2641 314 2709 est,
329 2662 513 2717 quarumnos
522 2662 662 2720 perpauca
675 2647 803 2721 exempla
816 2645 968 2702 videmus-.-

242 2723 294 2780 Sed
308 2738 401 2780 tamen
409 2722 440 2778 id
449 2721 560 2800 qu'oqne
573 2724 616 2780 uti
627 2724 884 2801 concedam,·quam
898 2724 977 2793 libet,

224 2844 226 2849 .
281 2802 335 2859 esto

199 2883 293 2941 Unica
306 2904 347 2940 rer
360 2884 496 2958 qondam,
511 2884 608 2941 nativo
622 2905 739 2961 corpore
753 2885 818 2952 sola,

199 2964 257 3018 Cui
271 2963 366 3020 {imilis
380 2978 436 3020 toto
451 2979 583 3021 terrarum
597 2984 655 3022 non
669 2967 700 3022 fit
712 2966 741 3022 in
756 2966 837 3022 orbe:
890 2973 892 2975 ’

199 3042 315 3099 Infinita
329 3059 419 3101 tamen
431 3046 482 3100 niu
496 3046 549 3100 erit
558 3047 600 3102 vis
614 3048 750 3113 materiai,

199 3122 285 3179 Unde
297 3143 327 3180 ea
340 3126 474 3202 progigni
487 3125 566 3202 poffit
579 3141 728 3202 conceptu
752 3126 840 3183 creari

199 3204 267 3260 Non
289 3207 406 3281 poterit:
430 3226 530 3284 neque,
545 3209 621 3282 quod
640 3207 769 3284 superest,
795 3208 986 3284 procrescens

281 3286 386 3361 alique.
419 3328 422 3332 -
740 3334 744 3339 .
769 3312 772 3319 λ
857 3284 880 3311 ”

243 3364 361 3443 Quippe
374 3369 477 3426 etenim
491 3369 598 3427 sumant
610 3370 696 3439 omli,
709 3371 790 3436 finita
807 3387 857 3447 per
872 3366 968 3426 Omne

849 3452 979 3524 Corpora
