2359 3875
299 420 502 495 LIBER
537 416 837 494 TERTIUS.
920 438 964 508 79

211 546 319 619 Virites
330 553 452 611 aetlrerias
464 553 574 612 vitaleis
586 551 703 630 succipit
715 565 809 610 suras:

212 627 232 684 Si
241 650 286 690 uon
297 631 476 700 omnimodis,
491 648 519 691 at
530 652 630 709 magua
644 646 723 709 parte
735 630 838 692 animai

210 707 321 780 Privatus,
336 730 429 771 tamen
443 715 474 771 iu
485 716 544 777 uita
557 711 712 778 condatur,
727 729 754 769 et
765 712 864 770 haret.

211 788 238 845 Ut
247 793 349 851 lacerato
360 796 444 851 oculo
457 794 565 853 circum
578 794 595 850 fi
610 794 719 870 pupula
728 792 826 849 maulic

210 866 345 941 Incolumis,
360 872 410 931 list
420 874 554 932 cernendi
568 876 662 932 vivata
676 871 811 948 potelius3

210 944 343 1012 Dummodo
352 974 388 1012 ne
401 969 492 1011 totum
503 973 668 1030 corrumpas
676 954 793 1010 luminis
805 951 904 1010 orbem
914 972 925 1019 s

208 1026 245 1087 Sed
257 1033 428 1091 circumcidas
439 1034 537 1101 aciem,
554 1034 692 1110 solamque
706 1033 864 1110 relinqussr

209 1103 339 1190 quuoque
352 1116 431 1171 enim
441 1113 633 1190 linepernicie
646 1113 748 1170 eonfiet
760 1132 869 1169 eorum.

208 1186 238 1244 dt
248 1192 262 1248 l
271 1195 375 1254 tantula
388 1213 452 1270 pars
465 1194 542 1252 oculi
552 1193 643 1251 medis
651 1193 700 1250 ills
714 1188 855 1267 peresa'str

209 1264 342 1332 Incolumis
353 1275 483 1349 quamvis
495 1274 604 1348 alioqui
614 1271 776 1350 splendidus
785 1272 879 1337 orbisr

208 1344 299 1412 Occidit
311 1357 453 1431 extemplo
464 1356 573 1419 lumen,
590 1353 763 1428 tenebraeque
775 1350 945 1425 lequuntur:

206 1424 253 1487 Hoc
263 1435 354 1492 anima
363 1434 561 1510 atquesnimus
569 1432 656 1493 vindi
668 1432 733 1490 sunt
741 1430 971 1509 loederelemper.

237 1512 312 1572 Nunc
326 1534 388 1592 age,
402 1516 514 1572 nativos
524 1514 728 1578 animantibus,
743 1513 918 1570 etmottaleis

205 1582 251 1648 Effe
259 1594 378 1660 animos,
391 1594 438 1652 sui
443 1593 555 1668 malque
563 1593 658 1660 leucis,
674 1607 705 1648 ut
716 1592 828 1649 noscere
840 1589 941 1670 poliisr

205 1666 349 1751 cerquitu
362 1673 426 1741 diu,
440 1672 571 1749 dulcique
583 1686 690 1749 reperto
702 1673 808 1740 labore,

204 1743 280 1829 Digna
292 1770 342 1813 tus
354 1753 630 1832 pergam-disponere
641 1752 767 1810 carmina
779 1754 849 1811 vita.

203 1822 238 1889 Tu
246 1834 285 1892 fac
299 1849 453 1911 utromque
466 1852 524 1891 uno
536 1832 686 1909 subjungas
697 1851 801 1890 nomen
810 1854 927 1903 eorumr

201 1910 284 1991 Atque
297 1915 434 1982 animam,
448 1912 640 1981 semitoniis,
654 1931 720 1971 cum
732 1912 823 1971 dicere
834 1935 961 1992 pergam,

201 1986 339 2056 Mortalem
364 1993 415 2053 elle
439 1995 563 2060 doceusr
595 1994 724 2051 animum
747 2013 860 2070 quoque
883 1996 976 2053 dicere

315 2075 430 2135 credas:
663 2106 665 2111 ·

200 2153 335 2234 Qustinus
348 2154 385 2213 est
394 2173 483 2212 unum
496 2152 618 2221 interit,
629 2151 830 2231 eonjunduque
843 2174 885 2212 rer
894 2153 945 2212 est.
960 2214 965 2224 ,

233 2236 394 2313 Principio,
409 2233 545 2311 quoniam
555 2249 667 2291 mnuem
678 2233 800 2292 eonllure
809 2235 929 2292 minutis

198 2315 368 2395 Corporibus
377 2313 480 2382 docuir
503 2314 817 2390 multoqueminoribus
828 2315 881 2373 elle

197 2393 348 2474 Principiis
360 2393 469 2459 uuam.
482 2412 567 2470 quem
575 2393 700 2468 liquidus
712 2394 816 2454 humor
827 2398 909 2471 aquai
919 2392 948 2454 'll
958 2394 970 2465 v3

196 2475 254 2534 Aut
265 2477 385 2542 nebulas
408 2488 457 2532 sut
471 2472 579 2532 fumosi
602 2494 669 2533 num
678 2475 761 2551 longe
773 2477 927 2534 mobilitate

196 2555 314 2624 Praelisc
329 2570 358 2612 et
368 2575 386 2612 a
395 2555 472 2612 tenui
484 2553 571 2611 euuffs
583 2554 672 2631 msgir
683 2553 737 2613 icta
747 2571 894 2613 movetur:

195 2637 313 2716 Quippe
323 2636 377 2694 ubi
388 2634 558 2711 imaginibus
570 2631 654 2702 fumi,
663 2634 824 2710 nebulaque
830 2649 974 2693 morcourt

196 2717 282 2796 Quod
295 2734 393 2794 genua,
405 2715 437 2773 iu
449 2714 554 2773 somnis
566 2713 650 2792 sopiti
661 2714 712 2772 ubi
724 2714 865 2772 ceruimus
876 2716 934 2772 alte

195 2796 333 2855 Exhalare
344 2815 446 2873 vapore
455 2796 560 2858 altaris,
573 2793 698 2872 ferreque
710 2791 838 2852 fumum:

195 2876 265 2936 Nam
277 2877 380 2954 procul
391 2875 449 2933 hec
461 2874 550 2933 dubio
562 2875 646 2932 uobis
654 2874 797 2933 simulacra
806 2889 960 2952 geruntur.

195 2956 277 3016 Nunc
288 2957 379 3034 igitur
389 2954 525 3031 quonism
536 2953 666 3030 qualistis
674 2953 802 3034 undique
814 2956 882 3013 valis

195 3035 330 3094 Dilliuerc
341 3033 498 3104 humorem,
509 3049 537 3092 et
546 3036 657 3093 laticem
668 3035 807 3093 discedere
819 3038 929 3094 cernis:

195 3115 229 3174 Et
239 3116 356 3184 nebule,
369 3135 401 3173 se
413 3115 508 3174 fumus
520 3116 655 3193 quoniam
664 3115 780 3173 discedit
792 3116 824 3173 in
836 3137 931 3174 auras:
1061 3162 1069 3171 ,

195 3195 284 3254 Crede
295 3196 418 3254 animum
430 3215 542 3273 quoque
553 3191 696 3261 diffundic
719 3196 864 3272 multoque
877 3196 970 3276 perire

196 3274 297 3344 Ocius,
312 3276 430 3334 ectitius
439 3275 554 3334 diffulsi
564 3294 683 3352 corpora
692 3274 796 3350 prims,

195 3354 269 3419 Cum
281 3355 363 3419 semel
373 3357 506 3422 omuibus
519 3353 771 3418 emembrissblits
783 3356 899 3415 recellit.
972 3393 978 3403 -

181 3444 184 3450 ’
860 3431 985 3514 Quium
