2359 3875
190 395 197 406 ·
304 397 461 470 uiuo
494 387 811 464 nourrius,
918 407 955 474 η,

181 527 220 586 Ut
228 525 305 584 nihil
317 548 353 585 ex
367 527 425 584 iltis
436 548 453 584 a
466 540 540 583 certo
554 539 682 599 tempore
694 516 782 595 poffct
815 574 818 580 ,

179 608 367 684 conceptum,
378 605 516 663 summurn
526 603 611 660 atatis
623 598 772 677 pervadere
785 597 899 654 florem:

181 688 252 744 Nam
261 687 468 762 quidviseitiua
480 683 591 744 diffotvi
605 679 680 757 poffe
691 678 830 767 videmus,
848 754 856 766 .

181 768 275 842 Quam
286 765 380 823 rursus
393 766 481 823 refici.
506 766 692 842 Quapropter
703 761 788 849 longa
800 756 858 812 drer
874 833 883 846 ,

182 847 304 906 Infinita
314 844 506 904 aetasanteatti
520 842 755 920 temporisomms
1006 860 1009 866 ·

182 926 270 1002 Quod
284 922 405 1001 fregiffet
417 924 518 990 adhue,
533 922 699 987 disturbans,
713 915 926 993 diffolvensque,

182 1006 217 1061 ld
228 1024 378 1080 nunquam
387 1006 495 1080 reliquo
506 1001 625 1079 reparari
639 1016 761 1076 tempore
775 997 876 1074 poffet:

181 1084 222 1140 At
234 1104 310 1140 nunc
319 1084 458 1140 nimirum
471 1081 617 1157 frangendi
630 1080 737 1138 reddita
747 1081 811 1137 finis

181 1166 264 1220 Certa
273 1178 385 1220 manet:
407 1163 543 1238 quoniam
556 1161 632 1218 refici
651 1180 710 1216 renr
726 1179 864 1235 quamque
882 1153 959 1213 vide-.

307 1263 385 1308 mus,

184 1323 219 1380 Et
229 1322 309 1379 finita
320 1322 399 1378 fimul
408 1324 559 1397 generatim
570 1336 693 1398 tempora
705 1322 787 1379 rebus

184 1401 271 1468 Stare,
282 1400 387 1475 quibus
400 1399 502 1477 poffint
515 1402 566 1457 aevi
577 1402 738 1477 contingere
752 1401 863 1458 florem.

227 1483 293 1537 Huc
306 1480 422 1546 aceedit,
437 1480 479 1537 uti
489 1480 648 1538 solidiffitna
659 1481 781 1556 rnateriai

185 1562 317 1638 Corpora
330 1580 394 1615 cunr
406 1560 540 1628 constant,
555 1560 657 1636 poffint
669 1574 761 1618 tamen
775 1560 871 1616 omnia
885 1558 964 1618 reddi

186 1641 299 1705 Mollia,
316 1659 376 1714 qua
391 1641 468 1707 fiant,
482 1660 539 1708 aer,
554 1660 636 1714 aqua,
649 1656 731 1706 terra,
747 1660 873 1715 vapores,

187 1723 257 1796 Quo
272 1718 353 1794 padio
365 1720 443 1785 fiant,
458 1734 552 1794 etqua
565 1720 594 1776 vi
606 1739 715 1795 cunque
728 1736 875 1796 genantur,

186 1798 351 1856 Admistum
364 1799 496 1873 quoniam
510 1800 588 1856 timul
597 1800 634 1856 est
644 1800 675 1856 in
689 1802 771 1858 rebus
783 1801 877 1858 inane.

187 1879 229 1936 At
242 1893 350 1945 contra,
365 1878 383 1933 {i
394 1879 489 1934 mollia
500 1879 550 1936 [int
561 1879 719 1955 primordia
731 1900 837 1948 rerum,

189 1959 274 2019 Unde
287 1973 390 2033 queant
402 1958 488 2015 validi
500 1959 596 2025 filices,
607 1959 766 2036 ferrumque
777 1962 874 2027 creari,

188 2042 255 2097 Non
271 2040 376 2115 poterit
388 2039 460 2095 ratio
471 2038 562 2099 reddi.
585 2041 659 2096 Nam
668 2039 796 2098 funditus
808 2042 901 2098 omnia

188 2120 337 2194 Principio
349 2117 524 2175 fundamenti
535 2133 634 2177 natura
645 2122 761 2177 carebit.

190 2202 262 2256 Sunt
270 2199 360 2276 igitur
371 2198 458 2254 solida
470 2200 605 2275 pollentia
618 2199 801 2275 implicitate,

191 2281 326 2354 Quorum
337 2277 475 2335 condenso
488 2274 575 2354 magii
586 2281 681 2337 omnia
693 2283 842 2341 conciliatu

190 2356 302 2416 Ardari
316 2356 439 2435 poliunt,
454 2358 612 2433 validasque
624 2359 764 2417 ostendere
777 2364 872 2421 vireis.

235 2439 365 2512 Denique
372 2439 431 2513 jam
444 2437 577 2514 quoniam
590 2441 742 2515 generatim
755 2443 861 2501 redditu
875 2444 940 2507 finio

192 2517 339 2575 Crescendi
354 2520 434 2574 rebus
444 2517 556 2585 constat,
574 2519 714 2594 uitamque
726 2523 833 2589 tuendi,

193 2599 231 2665 Et
242 2598 313 2672 quid
326 2617 439 2672 quaque
453 2612 555 2673 queant
563 2618 614 2674 per
626 2597 727 2657 foedera
739 2603 860 2668 naturai,

194 2677 276 2755 Quid
288 2698 374 2754 porro
383 2693 530 2756 nequeant,
538 2678 672 2737 sancitum
685 2681 910 2755 quandoquidem
920 2700 969 2737 ex·

320 2758 385 2824 stat;

194 2838 254 2894 Nec
267 2841 625 2916 commutaturquirquam,
637 2842 707 2914 quin
720 2842 815 2898 omnia
827 2839 951 2899 conflant

196 2918 289 2992 Usque
301 2918 385 2985 adeo,
397 2921 478 2975 varia·
488 2923 611 2978 volucres
621 2935 652 2974 ut
665 2921 695 2976 in
705 2922 802 2979 ordine
815 2921 917 2980 cunfire

198 2996 350 3059 Ostendant
363 3001 484 3063 maculaa
495 3000 644 3076 generaieis
658 3004 767 3077 corpori
779 2999 877 3057 incise:
976 3014 978 3018 ’

199 3077 377 3140 Immutnbile
389 3080 506 3137 materiae
516 3100 629 3156 quoque
638 3101 740 3156 corpus
749 3081 848 3143 habere

198 3156 307 3213 Debent
319 3156 467 3215 nimirum.
490 3161 564 3218 Nom
578 3163 595 3224 ti
608 3160 761 3236 primordia
776 3181 870 3223 rerum

198 3237 372 3293 Commutari
385 3238 476 3314 aliqua
491 3241 599 3317 possent
613 3240 717 3301 ratione
730 3240 841 3306 revida,

199 3315 339 3373 Incertum
349 3320 646 3397 quoquajanreonstet,
661 3319 729 3395 quid
739 3319 821 3397 pottr
834 3320 916 3385 oriri,

522 3401 546 3459 B
559 3416 577 3483 3
900 3394 986 3476 Qut
