2359 3875
307 446 514 516 tiara
549 446 811 520 anxins.
912 449 975 539 183

197 574 282 630 Nune
302 572 380 641 binc,
395 595 472 633 nunc
493 576 572 631 illinc
585 574 714 633 fremitus
739 595 789 652 per
800 572 898 632 nubila
913 571 979 630 mit·

276 669 356 711 tunt:

197 736 496 812 Quarentesqueviam
510 734 768 803 circumversantur,
784 750 810 791 et
823 734 897 811 ignis

195 816 307 873 Semina
321 817 494 872 convolvunt
507 835 521 870 e
534 816 670 871 nubibus:
688 830 771 890 atque
783 817 820 871 ita
833 829 938 891 cogunt

194 896 296 960 Multa,
309 910 456 969 rotantque
469 896 542 951 cavis
553 896 693 953 llammam
707 895 866 953 fornacibus
873 895 964 963 intus,

195 975 291 1032 Donec
304 975 413 1031 divolsa
425 974 560 1032 fulserunt
570 978 646 1031 nube
658 976 777 1032 corusci.

238 1056 299 1111 Hac
313 1055 396 1110 etiam
411 1055 442 1111 fit
455 1056 497 1111 uti
510 1054 545 1110 de
557 1056 634 1111 causa
645 1056 758 1112 mobilis
773 1057 821 1113 ille
870 1091 878 1098 -

196 1134 315 1192 Devolet
328 1137 359 1191 in
374 1149 473 1190 terram
486 1136 587 1209 liquidi
600 1138 677 1191 color
689 1156 787 1192 aureus
798 1137 885 1212 ignis,

197 1215 306 1272 Semina
320 1215 397 1289 quod
410 1214 509 1270 nubeis
518 1215 591 1289 ipsas
605 1217 742 1290 permulta
756 1212 890 1272 necelle'sl

198 1295 276 1369 Ignis
286 1294 403 1350 habere:
419 1295 520 1350 etenim
534 1315 598 1350 cum
612 1295 675 1350 sunt
686 1294 804 1350 humore
818 1294 872 1350 fine
885 1295 960 1360 ullo,

197 1376 218 1429 F
220 1376 352 1430 lammens
362 1373 398 1428 esl
409 1374 572 1448 plerumque
586 1376 660 1430 colos
669 1375 871 1449 etlplendidus
884 1375 958 1431 ollis.

198 1455 318 1529 Quippe
331 1454 432 1509 etenim
444 1454 504 1509 solis
517 1453 551 1509 de
560 1455 669 1510 lumine
683 1455 771 1509 multa
785 1449 920 1510 necelle'll

198 1535 365 1609 Concipere,
388 1548 419 1588 ut
431 1534 531 1589 merito
554 1536 681 1600 rubeant,
702 1534 844 1611 igneisque
860 1531 981 1610 prosun-

280 1614 359 1668 dant.
914 1623 917 1627 ‘

197 1693 284 1749 Hasce
298 1694 385 1768 igitur
397 1713 462 1748 curn
476 1696 573 1749 ventus
587 1712 668 1769 agens
680 1693 811 1751 contrusit
824 1694 857 1749 in
866 1714 969 1759 unum,

197 1772 419 1849 Compreflitque
431 1774 523 1829 locum
537 1792 653 1848 cogens;
672 1773 795 1850 expressa
804 1773 983 1849 profundunt

196 1854 320 1918 Semina,
332 1871 392 1925 quae
405 1851 511 1909 faciunt
524 1853 643 1910 flamma
654 1852 761 1929 fulgere
774 1856 888 1910 colores.

241 1932 335 2008 Fulgit
344 1934 423 1999 item,
438 1953 504 1989 cum
516 1932 656 1989 rarescunt
665 1954 777 2009 quoque
787 1934 886 1990 nubila
895 1932 970 1990 coeli.

197 2015 273 2070 Nam
287 2033 354 2068 curn
367 2029 466 2069 ventus
478 2033 521 2069 eas
531 2015 630 2068 leviter
642 2013 753 2069 diducit
765 2014 884 2079 eunteis,

197 2093 396 2166 Dillolvitque,
407 2092 507 2148 cadant
519 2094 636 2169 ingratis
647 2093 697 2148 illa
706 2088 842 2148 neceffe'st

197 2173 319 2238 Semina,
331 2191 391 2245 quae
401 2171 505 2228 faciunt
516 2171 670 2246 fulgorem:
687 2187 746 2227 tum
760 2172 814 2227 fine
827 2184 896 2228 tetro

195 2253 328 2317 Terrore,
339 2266 366 2307 et
378 2250 471 2308 sonitu
480 2251 573 2327 fulgit,
589 2251 724 2325 nulloque
737 2252 872 2308 tumultu.

240 2331 330 2407 Quod
344 2329 474 2406 superesi,
490 2331 565 2405 quali
573 2346 672 2387 natura
686 2331 802 2406 praedita
813 2331 938 2390 constent

198 2412 338 2476 Fulmina,
349 2409 488 2466 declarant
501 2410 580 2475 isius,
596 2423 623 2465 et
634 2410 726 2467 inulla
738 2431 844 2487 vapore

198 2491 294 2567 Signa,
304 2505 433 2564 notaque
447 2493 552 2564 graneis
562 2489 685 2546 halantes
700 2490 811 2548 sulfuris
823 2513 915 2550 auras.
981 2529 983 2533 ·

197 2571 277 2648 Ignis
294 2570 372 2625 enim
392 2569 457 2627 sunt
468 2568 536 2636 hac,
557 2589 615 2626 non
635 2569 710 2628 venti
723 2571 808 2646 ligna,
823 2591 913 2647 neque
926 2571 981 2628 im·

216 2693 219 2697 .
280 2650 350 2705 bris.

241 2731 387 2795 Praeterea,
402 2728 491 2806 perse
507 2729 661 2786 accendunt
674 2748 785 2806 quoque
804 2729 871 2787 teila
882 2728 983 2789 domo·

278 2829 351 2874 rum,

200 2893 236 2949 Et
249 2889 331 2949 celeri
341 2889 450 2946 llamrna
460 2887 643 2946 dominantur
654 2889 685 2945 in
696 2890 802 2948 aedibus
814 2887 893 2966 ipss.

200 2973 286 3030 Hunc
298 2969 351 3025 tibi
363 2967 489 3026 subtilem
499 2989 563 3024 cum
577 2970 679 3044 primis
690 2970 803 3046 ignibus
815 2971 910 3048 ignem
984 2992 989 2997 ·

199 3048 356 3108 Constituit
365 3063 463 3105 natura
476 3048 603 3114 minutis,
616 3051 821 3126 mobilibusque

200 3129 390 3208 Corporibus,
404 3130 452 3185 cui
464 3128 506 3184 nil
520 3131 639 3187 omnino
652 3130 776 3187 oblillere
788 3129 883 3206 poffit.
922 3145 927 3149 ’

200 3209 311 3269 Transit
324 3209 398 3276 enim
407 3208 501 3265 valide
512 3207 620 3265 fulmen
631 3228 682 3285 per
694 3209 769 3285 septa
777 3210 941 3278 domorum,
1024 3215 1026 3222 '
1050 3222 1056 3230 ‘

200 3292 320 3348 Clamor
334 3289 389 3357 uti,
401 3308 431 3345 ac
445 3307 539 3347 voces:
557 3291 651 3347 tranlit
663 3308 714 3365 per
727 3289 801 3358 saxa,
816 3311 868 3367 per
879 3308 950 3349 erat

202 3369 239 3434 Et
253 3367 396 3451 liquidum
409 3367 515 3450 puuslo
523 3367 590 3431 facit
599 3368 675 3431 eain
685 3382 822 3454 tempore,
832 3386 860 3433 et
870 3388 985 3507 augum.
1038 3446 1041 3452 Ι

925 3460 991 3509 um
