2359 3875
296 405 499 484 LIBER
536 403 800 483 PRIMUS.
904 432 951 496 eq

170 537 234 614 Quo
243 536 336 596 minu'
351 560 408 617 quo
419 538 562 598 miffum'st
576 543 680 606 veniat,
694 538 800 612 finique
812 534 883 589 locet
894 532 932 599 se',

167 617 228 674 Sive
238 618 312 674 foras
325 619 424 685 fertur,
436 640 495 677 uon
511 620 545 676 est
560 641 589 676 ea
603 616 664 676 fiui’
680 615 815 694 professo.
844 619 846 624 '

165 697 225 753 Hoc
234 698 315 773 pasto
328 699 433 774 sequar,
446 713 528 775 atque
542 721 603 757 oras
614 700 774 772 ubicunque
787 692 889 750 locarit

166 776 320 843 Extremas,
334 799 455 854 quaeram
468 781 536 855 quid
551 782 605 835 telo
614 779 736 853 denique
750 776 808 831 fiat.

164 857 222 912 Fiet
235 859 276 912 uti
292 858 428 933 nusquam
442 860 523 934 possit
534 859 674 915 consistere
688 859 770 914 sinis:

164 936 363 1013 Effugiumque
374 936 444 1013 fugae
455 940 573 1013 prolatet
582 940 665 1013 copia
679 939 799 1012 semper.

207 1018 344 1073 Praeterea
356 1017 477 1092 spatium
491 1018 605 1074 summai
620 1019 704 1073 totius
717 1035 801 1073 omne

166 1098 303 1171 Undique
317 1096 335 1151 si
350 1098 485 1153 inclusum
499 1099 578 1153 certis
590 1098 742 1154 consisteret
754 1097 823 1163 oris,

165 1177 346 1250 Finitutnque
360 1175 445 1242 foret3
466 1181 526 1254 jam
540 1179 621 1253 copia
636 1178 762 1234 materiai

167 1258 303 1332 Undique
315 1256 485 1331 ponderibus
498 1258 594 1314 solidis
605 1260 747 1315 confluxet
758 1256 793 1312 ad
806 1256 914 1322 imum3
929 1295 935 1304 ‚

164 1339 224 1393 Nee
239 1357 281 1392 res
295 1339 353 1392 ulla
367 1338 430 1411 geni
445 1337 494 1394 sub
504 1340 563 1394 coeli
579 1340 700 1413 tegmine
713 1335 820 1414 posset:

166 1419 225 1473 Nec
236 1417 309 1473 foret
323 1417 561 1484 omniuocoelum‚
577 1437 666 1494 neque
681 1418 786 1474 lumina
801 1416 882 1472 solis:

168 1499 290 1574 Quippe
304 1497 354 1552 ubi
367 1499 496 1555 materies
506 1502 598 1555 omnis
610 1500 752 1554 cumulata
758 1500 862 1575 jaceret

167 1579 212 1635 Ex
226 1578 341 1633 infinito
350 1579 408 1654 jain
421 1595 545 1656 tempore
556 1580 728 1636 subsidendo.

165 1662 208 1714 At
220 1678 297 1714 nuuc
311 1659 450 1714 nimirum
465 1661 570 1735 requies
582 1660 642 1715 data
659 1659 868 1735 principiorum

168 1740 346 1814 Corporibus
359 1735 486 1796 nulla'ss:
510 1742 575 1816 quia
589 1741 630 1795 nil
642 1741 678 1796 est
688 1740 813 1797 funditus
827 1740 929 1805 imum,

170 1821 239 1895 Quo
254 1818 329 1891 quasi
338 1821 492 1887 eonsluere,
507 1838 533 1877 et
546 1822 617 1877 sedes
631 1823 678 1876 ubi
691 1841 794 1898 ponere
805 1820 922 1894 poffintt

169 1900 286 1973 Semper
299 1913 325 1954 et
338 1899 441 1956 assiduo
456 1917 533 1957 motu
548 1922 589 1958 res
603 1912 717 1978 quaeque
731 1914 871 1978 genuutur
932 1944 934 1949 .

168 1980 300 2036 Partibus
313 1982 343 2036 in
354 1980 468 2048 cunslis,
485 1997 638 2058 aeternaque
653 1983 868 2060 suppeditantur

169 2062 211 2115 Ex
224 2060 337 2116 insiuito
351 2061 404 2115 cita
417 2065 682 2137 corporaemateriai.

214 2139 355 2196 Postremo
368 2156 430 2196 ante
442 2145 536 2200 oculos
550 2164 607 2200 rem
621 2164 662 2199 res
676 2145 757 2201 linire
771 2146 896 2214 videtur,

170 2220 229 2276 Aer
242 2220 356 2294 dissepit
370 2223 475 2289 culleis,
490 2240 572 2300 atque
585 2245 647 2281 aera
657 2241 778 2293 moutes;

169 2301 257 2356 Terra
269 2320 354 2364 mare,
370 2317 396 2356 et
409 2318 503 2359 contra
517 2326 591 2361 mare
602 2323 683 2361 terras
692 2307 948 2365 terminatomneio.

173 2380 270 2436 0qu
287 2380 401 2452 quidem
415 2402 480 2438 vero
493 2384 566 2441 nihil
579 2386 615 2442 est
629 2387 707 2461 quod
721 2386 799 2444 finiat
813 2404 905 2444 extra:
994 2383 996 2390 ’

172 2459 216 2515 Est
229 2460 318 2535 igitur
336 2477 434 2518 natura
446 2464 512 2532 soci,
528 2460 707 2541 spatiumque
719 2467 866 2542 profundi,

172 2541 259 2616 Quod
272 2559 361 2614 neque
374 2543 448 2597 clara
462 2541 510 2599 suo
524 2565 684 2620 percurrere
699 2548 815 2604 flumina
827 2547 910 2603 cursu

172 2620 311 2695 Perpetuo
327 2622 428 2695 possint
442 2625 493 2678 aevi
508 2627 627 2682 labentia
642 2625 739 2682 traslu:

173 2701 230 2754 Nec
245 2699 374 2774 prorsum
389 2700 486 2769 facere,
503 2721 533 2759 ut
546 2706 624 2760 resset
638 2707 793 2772 minusue,
804 2703 937 2763 meando:

174 2779 269 2852 Usque
281 2778 350 2835 adeo
362 2781 456 2855 passim
471 2800 546 2857 patet
558 2785 655 2861 ingens
670 2787 752 2861 copia
766 2789 858 2854 rebus,

172 2859 289 2914 Finibus
302 2861 438 2935 exemptis
451 2862 482 2916 in
494 2863 604 2920 onustas
617 2867 741 2941 undique
753 2868 865 2942 parteis.

218 2938 231 2990 1
235 2938 282 3012 psa
295 2939 411 2995 modum
423 2961 512 3016 porro
526 2945 574 2999 libi
589 2967 682 3002 rerum
697 2949 800 3004 summu
814 2968 910 3022 parare

176 3017 219 3072 Ne
231 3016 325 3092 possit,
339 3034 437 3076 natura
451 3037 536 3077 tenet:
561 3027 626 3100 quia
637 3046 736 3100 corpus
750 3028 838 3091 inani,

174 3096 209 3151 Et
223 3096 300 3170 quod
313 3097 395 3153 iuaue
405 3098 542 3169 autem'st,
559 3105 634 3160 finiri
649 3126 765 3180 corpore
779 3112 869 3184 cogit:

176 3176 217 3232 Ut
229 3177 263 3230 sic
273 3177 385 3232 alternis
397 3180 508 3237 infinita
522 3187 620 3240 omnio
633 3187 741 3242 reddat.

175 3255 238 3310 Aut
252 3255 345 3324 etiam,
361 3259 523 3316 alterutrum
531 3264 580 3318 uisi
590 3268 837 3322 ter-minetaltetum
846 3288 955 3336 eorum,

177 3333 423 3412 simpliciorum
437 3355 461 3396 ct
476 3359 566 3417 pateat
582 3360 690 3403 tantum
701 3346 934 3407 immoderatum-z

586 3429 643 3506 (o
