2359 3875
75 3092 156 3278 l»,

230 446 255 518 4
415 422 814 497 ntucnrw

219 555 302 612 Muta
316 569 393 612 metu
406 570 505 613 terram
518 555 634 632 genibus
647 555 787 614 summissa
800 557 930 632 petebat:

220 637 280 694 Nee
292 635 395 692 miserae
406 635 530 712 prodesse
545 638 576 692 in
590 639 638 694 tali
653 652 777 713 tempore
790 636 901 711 quibat,

222 715 311 792 Qrod
325 717 420 772 Patrio
435 717 564 793 princeps
576 717 693 774 donarat
705 717 820 773 nomine
836 717 953 791 Regem.

221 799 297 864 Nam
308 796 510 854 sublatavirum
521 798 652 854 manibus
662 797 895 872 tremebundaque
905 796 939 853 ad
951 813 1011 852 arae

220 873 388 942 Dedudla'll,
402 897 460 932 non
474 891 516 944 ut,
532 877 637 934 solenni
652 898 729 934 more
743 877 883 936 sacrorum

222 955 357 1022 Persee‘lo,
373 955 460 1034 pollet
473 959 549 1015 claro
563 959 690 1015 comitari
704 958 877 1036 Hymenaeo:

157 1107 160 1114 Ι
222 1035 273 1092 sed
287 1035 355 1094 cassa
367 1037 465 1093 incesle
477 1038 602 1094 nubendi
615 1053 740 1116 tempore
754 1039 784 1094 in
795 1037 856 1114 ipso

223 1117 320 1174 Hostia
332 1117 492 1174 concideret
505 1117 623 1175 tnadlatu
635 1118 727 1176 moella
739 1117 871 1195 pereutit,

221 1198 323 1255 Exitus
337 1213 369 1254 ut
380 1197 450 1254 classi
463 1197 542 1265 felix,
557 1197 712 1275 sauslusque
722 1198 845 1256 daretur.

221 1279 348 1335 Tantum
363 1278 489 1355 Relligio
501 1282 594 1354 potuit
607 1281 877 1337 suadercmalorum.

264 1359 397 1416 Tutemet
410 1381 426 1414 n
438 1361 520 1415 nobis
528 1361 588 1436 jam
603 1359 702 1436 quovis
716 1377 841 1435 tempore
859 1359 969 1418 Vatum

220 1439 398 1515 'l‘erriloquis
408 1439 496 1496 vidus
509 1440 590 1496 dietis
603 1440 746 1498 desciscent
759 1439 887 1515 quaeres?

222 1519 343 1597 Quippe
352 1520 453 1575 etenim
463 1540 549 1594 quam
558 1521 647 1578 multa
658 1521 709 1576 tibi
716 1523 774 1596 jam
785 1521 887 1597 fingere
899 1518 1007 1598 possunt

222 1602 350 1666 Somnia,
366 1620 427 1674 quae
441 1599 503 1656 vite
513 1601 634 1657 rationes
643 1617 749 1656 vertere
761 1601 874 1676 polline,

222 1681 414 1754 fortunasque
424 1695 483 1736 tuae
497 1681 603 1738 omneis
618 1681 730 1737 turbere
744 1680 866 1738 timore?

223 1763 261 1816 Et
274 1761 389 1816 merito:
405 1761 499 1816 namsi
513 1777 613 1816 certam
628 1763 712 1819 finem
726 1761 777 1818 esse
790 1762 919 1817 viderent

224 1842 421 1898 AErumnatum
434 1840 571 1907 homines,
587 1844 682 1918 alique
695 1843 801 1898 ratione
814 1842 939 1899 valerent

223 1922 441 1999 Relligionibut,
457 1936 539 1996 atque
557 1922 640 1979 minis
653 1922 776 1980 obsillere
791 1923 914 1979 Vatum:

220 2004 308 2060 Nunc
321 2005 393 2060 ratio
403 2000 512 2059 nulla'll
527 2003 656 2071 reslandi,
672 2006 750 2061 nulla
763 2004 892 2069 facultate

223 2086 347 2141 AEteruas
360 2084 495 2159 quoniam
509 2105 604 2160 poenas
616 2086 647 2141 in
662 2102 751 2142 morte
765 2084 930 2140 timendum.

223 2166 375 2240 Ignoratur
387 2165 462 2219 euim
474 2184 534 2237 quae
544 2165 684 2220 situatum
694 2165 810 2232 animai,

223 2246 296 2301 Nata
305 2245 348 2308 lit,
360 2261 407 2308 an,
422 2260 530 2308 contre,
543 2243 713 2301 nascentibus
724 2245 889 2310 insinuetur,

223 2324 261 2380 Et
273 2323 352 2379 simul
366 2324 481 2378 intereat
494 2322 638 2379 uobiscum
652 2338 742 2379 morte
754 2322 904 2399 dirempta,

223 2406 274 2462 An
286 2403 409 2459 tenebras
423 2401 496 2460 Orci
509 2402 588 2467 visat,
604 2402 741 2478 vallasque
754 2404 883 2472 lacuum

223 2486 274 2542 An
289 2484 484 2560 pecudetalias
497 2482 634 2539 divinitus
646 2483 765 2540 infinuet
778 2482 815 2552 se,

226 2567 354 2622 Ennius
371 2580 402 2622 ut
414 2562 505 2619 noller
518 2564 632 2630 cecinit,
647 2564 697 2637 qui
710 2564 818 2639 primus
830 2586 939 2625 amoene

227 2646 337 2703 Detulit
347 2665 383 2703 ex
393 2644 530 2701 Helicone
542 2644 658 2719 perenni
667 2643 765 2700 sronde
777 2664 921 2713 coronam,

224 2728 280 2785 Per
291 2726 394 2803 genteis
409 2724 491 2781 Italas
503 2724 722 2799 hominumque
736 2725 808 2782 clara
817 2730 931 2784 clueret.

227 2807 281 2862 Etfi
292 2822 422 2882 preterea
435 2820 528 2861 tamen
539 2803 591 2861 esse
605 2802 757 2861 Acherusia
770 2809 874 2882 temple

225 2886 334 2944 Ennius
348 2886 455 2942 aeternis
467 2884 586 2961 exponit
596 2884 728 2950 versibus,
740 2885 839 2942 edens:

224 2965 1006 3044 Quonequepermanentanimae,nequecorporanollm

88 3046 200 3143 ω
225 3048 278 3105 Sed
287 3047 414 3123 quaedam
428 3045 571 3120 denubere
582 3045 675 3101 modis
685 3047 818 3119 pallentia
830 3047 921 3105 miris:

225 3127 368 3185 Undelibi
380 3140 504 3181 exortam
521 3124 763 3199 semper-florentis
778 3125 896 3184 Homeri

224 3211 434 3264 Commemorat
446 3205 574 3281 speciem,
589 3207 726 3262 lacrumas
738 3221 765 3261 et
778 3205 895 3265 sundere
909 3209 985 3267 fflsae

224 3287 355 3364 Goepille,
369 3302 396 3343 et
410 3306 503 3342 rerum
516 3299 645 3342 naturam
658 3285 815 3361 expandere
825 3287 916 3344 dietis.

269 3366 1012 3445 Quapropterbene,curn,Supetisderebutbubenda

916 3449 1006 3508 Nobis
