<?xml version="1.0" encoding="UTF-8"?>
<!DOCTYPE html PUBLIC "-//W3C//DTD XHTML 1.0 Transitional//EN"
    "http://www.w3.org/TR/xhtml1/DTD/xhtml1-transitional.dtd">
<html xmlns="http://www.w3.org/1999/xhtml" xml:lang="en" lang="en">
 <head>
  <title>
</title>
<meta http-equiv="Content-Type" content="text/html;charset=utf-8" />
  <meta name='ocr-system' content='tesseract 3.04.00' />
  <meta name='ocr-capabilities' content='ocr_page ocr_carea ocr_par ocr_line ocrx_word'/>
</head>
<body>
  <div class='ocr_page' id='page_1' title='image "./titilucretiicar03carugoog_0014.png"; bbox 0 0 2359 3875; ppageno 0'>
   <div class='ocr_carea' id='block_1_1' title="bbox 153 392 836 512">
    <p class='ocr_par' dir='ltr' id='par_1_1' title="bbox 153 392 836 512">
     <span class='ocr_line' id='line_1_1' title="bbox 153 392 836 512; baseline 0.001 -46"><span class='ocrx_word' id='word_1_1' title='bbox 153 398 218 496; x_wconf 82' lang='lat' dir='ltr'>¹a</span> <span class='ocrx_word' id='word_1_2' title='bbox 335 392 836 512; x_wconf 68' lang='lat' dir='ltr'>rtocnarrr</span> 
     </span>
    </p>
   </div>
   <div class='ocr_carea' id='block_1_2' title="bbox 124 527 994 3420">
    <p class='ocr_par' dir='ltr' id='par_1_2' title="bbox 124 527 994 765">
     <span class='ocr_line' id='line_1_2' title="bbox 195 527 991 608; baseline -0.003 -20"><span class='ocrx_word' id='word_1_3' title='bbox 195 527 440 606; x_wconf 69' lang='lat' dir='ltr'>squamigerum</span> <span class='ocrx_word' id='word_1_4' title='bbox 450 550 547 607; x_wconf 80' lang='lat' dir='ltr'>genus,</span> <span class='ocrx_word' id='word_1_5' title='bbox 561 546 588 587; x_wconf 90' lang='lat' dir='ltr'>et</span> <span class='ocrx_word' id='word_1_6' title='bbox 597 533 741 600; x_wconf 79' lang='lat' dir='ltr'>volucres3</span> <span class='ocrx_word' id='word_1_7' title='bbox 765 549 909 608; x_wconf 85' lang='lat' dir='ltr'>erumpere</span> <span class='ocrx_word' id='word_1_8' title='bbox 922 531 991 587; x_wconf 83' lang='lat' dir='ltr'>coelo</span> 
     </span>
     <span class='ocr_line' id='line_1_3' title="bbox 196 611 994 688; baseline -0.001 -21"><span class='ocrx_word' id='word_1_9' title='bbox 196 615 347 676; x_wconf 79' lang='lat' dir='ltr'>Armenta,</span> <span class='ocrx_word' id='word_1_10' title='bbox 363 624 445 685; x_wconf 89' lang='lat' dir='ltr'>atque</span> <span class='ocrx_word' id='word_1_11' title='bbox 454 612 512 668; x_wconf 82' lang='lat' dir='ltr'>aliae</span> <span class='ocrx_word' id='word_1_12' title='bbox 524 612 657 687; x_wconf 85' lang='lat' dir='ltr'>pecudes:</span> <span class='ocrx_word' id='word_1_13' title='bbox 675 632 760 688; x_wconf 82' lang='lat' dir='ltr'>genus</span> <span class='ocrx_word' id='word_1_14' title='bbox 774 632 857 669; x_wconf 88' lang='lat' dir='ltr'>omne</span> <span class='ocrx_word' id='word_1_15' title='bbox 871 611 994 667; x_wconf 87' lang='lat' dir='ltr'>serarum</span> 
     </span>
     <span class='ocr_line' id='line_1_4' title="bbox 124 690 795 765; baseline 0.007 -22"><span class='ocrx_word' id='word_1_16' title='bbox 124 735 127 743; x_wconf 91' lang='lat'><em>.</em></span> <span class='ocrx_word' id='word_1_17' title='bbox 198 690 213 744; x_wconf 90' lang='lat'>1</span> <span class='ocrx_word' id='word_1_18' title='bbox 217 705 311 746; x_wconf 86' lang='lat' dir='ltr'>ncerto</span> <span class='ocrx_word' id='word_1_19' title='bbox 325 704 408 765; x_wconf 79' lang='lat' dir='ltr'>partu</span> <span class='ocrx_word' id='word_1_20' title='bbox 420 693 505 758; x_wconf 83' lang='lat' dir='ltr'>culta,</span> <span class='ocrx_word' id='word_1_21' title='bbox 516 712 547 747; x_wconf 93' lang='lat' dir='ltr'>ac</span> <span class='ocrx_word' id='word_1_22' title='bbox 560 692 665 748; x_wconf 84' lang='lat' dir='ltr'>deserta</span> <span class='ocrx_word' id='word_1_23' title='bbox 679 708 795 749; x_wconf 87' lang='lat' dir='ltr'>teneret:</span> 
     </span>
    </p>

    <p class='ocr_par' dir='ltr' id='par_1_3' title="bbox 200 767 907 841">
     <span class='ocr_line' id='line_1_5' title="bbox 200 767 907 841; baseline 0.006 -16"><span class='ocrx_word' id='word_1_24' title='bbox 200 771 261 825; x_wconf 89' lang='lat' dir='ltr'>Nec</span> <span class='ocrx_word' id='word_1_25' title='bbox 270 767 375 827; x_wconf 78' lang='lat' dir='ltr'>sruslus</span> <span class='ocrx_word' id='word_1_26' title='bbox 388 770 474 826; x_wconf 87' lang='lat' dir='ltr'>iidem</span> <span class='ocrx_word' id='word_1_27' title='bbox 487 772 633 828; x_wconf 83' lang='lat' dir='ltr'>arboribus</span> <span class='ocrx_word' id='word_1_28' title='bbox 646 773 768 829; x_wconf 82' lang='lat' dir='ltr'>conflare</span> <span class='ocrx_word' id='word_1_29' title='bbox 781 773 907 841; x_wconf 81' lang='lat' dir='ltr'>solerent,</span> 
     </span>
    </p>

    <p class='ocr_par' dir='ltr' id='par_1_4' title="bbox 197 849 982 1088">
     <span class='ocr_line' id='line_1_6' title="bbox 197 849 893 928; baseline 0.003 -22"><span class='ocrx_word' id='word_1_30' title='bbox 197 849 252 906; x_wconf 90' lang='lat' dir='ltr'>Sed</span> <span class='ocrx_word' id='word_1_31' title='bbox 264 864 453 907; x_wconf 85' lang='lat' dir='ltr'>mutarentur:</span> <span class='ocrx_word' id='word_1_32' title='bbox 476 850 546 907; x_wconf 87' lang='lat' dir='ltr'>serre</span> <span class='ocrx_word' id='word_1_33' title='bbox 559 871 654 908; x_wconf 88' lang='lat' dir='ltr'>omnes</span> <span class='ocrx_word' id='word_1_34' title='bbox 667 854 762 909; x_wconf 88' lang='lat' dir='ltr'>omnia</span> <span class='ocrx_word' id='word_1_35' title='bbox 776 852 893 928; x_wconf 81' lang='lat' dir='ltr'>possent.</span> 
     </span>
     <span class='ocr_line' id='line_1_7' title="bbox 201 930 982 1009; baseline 0.006 -24"><span class='ocrx_word' id='word_1_36' title='bbox 201 931 334 1007; x_wconf 75' lang='lat' dir='ltr'>Quippe,</span> <span class='ocrx_word' id='word_1_37' title='bbox 348 931 400 987; x_wconf 91' lang='lat' dir='ltr'>ubi</span> <span class='ocrx_word' id='word_1_38' title='bbox 411 950 470 988; x_wconf 89' lang='lat' dir='ltr'>non</span> <span class='ocrx_word' id='word_1_39' title='bbox 483 930 567 987; x_wconf 84' lang='lat' dir='ltr'>essent</span> <span class='ocrx_word' id='word_1_40' title='bbox 578 932 709 1009; x_wconf 81' lang='lat' dir='ltr'>genitalia</span> <span class='ocrx_word' id='word_1_41' title='bbox 722 952 838 1009; x_wconf 85' lang='lat' dir='ltr'>corpora</span> <span class='ocrx_word' id='word_1_42' title='bbox 848 933 982 1008; x_wconf 80' lang='lat' dir='ltr'>quoique,</span> 
     </span>
     <span class='ocr_line' id='line_1_8' title="bbox 200 1009 815 1088; baseline 0 -22"><span class='ocrx_word' id='word_1_43' title='bbox 200 1012 264 1088; x_wconf 74' lang='lat' dir='ltr'>Qui</span> <span class='ocrx_word' id='word_1_44' title='bbox 279 1009 367 1087; x_wconf 79' lang='lat' dir='ltr'>posset</span> <span class='ocrx_word' id='word_1_45' title='bbox 378 1025 466 1068; x_wconf 88' lang='lat' dir='ltr'>mater</span> <span class='ocrx_word' id='word_1_46' title='bbox 479 1012 561 1068; x_wconf 80' lang='lat' dir='ltr'>rebus</span> <span class='ocrx_word' id='word_1_47' title='bbox 570 1011 710 1069; x_wconf 84' lang='lat' dir='ltr'>consistere</span> <span class='ocrx_word' id='word_1_48' title='bbox 722 1012 815 1069; x_wconf 88' lang='lat' dir='ltr'>certa?</span> 
     </span>
    </p>

    <p class='ocr_par' dir='ltr' id='par_1_5' title="bbox 198 1090 949 1492">
     <span class='ocr_line' id='line_1_9' title="bbox 198 1090 935 1168; baseline 0 -20"><span class='ocrx_word' id='word_1_49' title='bbox 198 1092 240 1148; x_wconf 86' lang='lat' dir='ltr'>At</span> <span class='ocrx_word' id='word_1_50' title='bbox 254 1111 331 1147; x_wconf 89' lang='lat' dir='ltr'>nunc</span> <span class='ocrx_word' id='word_1_51' title='bbox 344 1090 494 1149; x_wconf 86' lang='lat' dir='ltr'>seminibus</span> <span class='ocrx_word' id='word_1_52' title='bbox 506 1092 572 1167; x_wconf 91' lang='lat' dir='ltr'>quia</span> <span class='ocrx_word' id='word_1_53' title='bbox 583 1094 665 1148; x_wconf 87' lang='lat' dir='ltr'>certis</span> <span class='ocrx_word' id='word_1_54' title='bbox 679 1093 803 1168; x_wconf 88' lang='lat' dir='ltr'>quidque</span> <span class='ocrx_word' id='word_1_55' title='bbox 816 1107 935 1160; x_wconf 79' lang='lat' dir='ltr'>creatur,</span> 
     </span>
     <span class='ocr_line' id='line_1_10' title="bbox 198 1170 852 1247; baseline 0.002 -20"><span class='ocrx_word' id='word_1_56' title='bbox 198 1171 271 1228; x_wconf 89' lang='lat' dir='ltr'>Inde</span> <span class='ocrx_word' id='word_1_57' title='bbox 285 1170 433 1240; x_wconf 78' lang='lat' dir='ltr'>enascitur,</span> <span class='ocrx_word' id='word_1_58' title='bbox 448 1186 528 1247; x_wconf 82' lang='lat' dir='ltr'>atque</span> <span class='ocrx_word' id='word_1_59' title='bbox 538 1192 600 1229; x_wconf 84' lang='lat' dir='ltr'>oras</span> <span class='ocrx_word' id='word_1_60' title='bbox 612 1175 642 1230; x_wconf 92' lang='lat' dir='ltr'>in</span> <span class='ocrx_word' id='word_1_61' title='bbox 656 1174 770 1229; x_wconf 89' lang='lat' dir='ltr'>luminis</span> <span class='ocrx_word' id='word_1_62' title='bbox 784 1174 852 1239; x_wconf 82' lang='lat' dir='ltr'>exit,</span> 
     </span>
     <span class='ocr_line' id='line_1_11' title="bbox 199 1252 902 1344; baseline -0.003 -34"><span class='ocrx_word' id='word_1_63' title='bbox 199 1253 329 1310; x_wconf 82' lang='lat' dir='ltr'>Materies</span> <span class='ocrx_word' id='word_1_64' title='bbox 342 1254 392 1309; x_wconf 91' lang='lat' dir='ltr'>ubi</span> <span class='ocrx_word' id='word_1_65' title='bbox 405 1253 473 1310; x_wconf 88' lang='lat' dir='ltr'>inest</span> <span class='ocrx_word' id='word_1_66' title='bbox 483 1252 614 1330; x_wconf 86' lang='lat' dir='ltr'>cujusque</span> <span class='ocrx_word' id='word_1_67' title='bbox 627 1269 654 1310; x_wconf 89' lang='lat' dir='ltr'>et</span> <span class='ocrx_word' id='word_1_68' title='bbox 667 1273 785 1330; x_wconf 86' lang='lat' dir='ltr'>corpora</span> <span class='ocrx_word' id='word_1_69' title='bbox 800 1255 902 1344; x_wconf 76' lang='lat' dir='ltr'>prima.</span> 
     </span>
     <span class='ocr_line' id='line_1_12' title="bbox 200 1331 949 1411; baseline 0 -23"><span class='ocrx_word' id='word_1_70' title='bbox 200 1333 295 1408; x_wconf 88' lang='lat' dir='ltr'>Atque</span> <span class='ocrx_word' id='word_1_71' title='bbox 308 1331 358 1389; x_wconf 85' lang='lat' dir='ltr'>hac</span> <span class='ocrx_word' id='word_1_72' title='bbox 371 1353 401 1389; x_wconf 90' lang='lat' dir='ltr'>re</span> <span class='ocrx_word' id='word_1_73' title='bbox 412 1349 554 1409; x_wconf 87' lang='lat' dir='ltr'>nequeunt</span> <span class='ocrx_word' id='word_1_74' title='bbox 561 1354 597 1390; x_wconf 85' lang='lat' dir='ltr'>ex</span> <span class='ocrx_word' id='word_1_75' title='bbox 610 1334 742 1391; x_wconf 84' lang='lat' dir='ltr'>omnibus</span> <span class='ocrx_word' id='word_1_76' title='bbox 754 1334 849 1390; x_wconf 86' lang='lat' dir='ltr'>omnia</span> <span class='ocrx_word' id='word_1_77' title='bbox 859 1333 949 1411; x_wconf 79' lang='lat' dir='ltr'>gigni,</span> 
     </span>
     <span class='ocr_line' id='line_1_13' title="bbox 202 1413 853 1492; baseline 0 -24"><span class='ocrx_word' id='word_1_78' title='bbox 202 1413 291 1492; x_wconf 72' lang='lat' dir='ltr'>Quod</span> <span class='ocrx_word' id='word_1_79' title='bbox 303 1415 385 1471; x_wconf 87' lang='lat' dir='ltr'>certis</span> <span class='ocrx_word' id='word_1_80' title='bbox 398 1415 429 1470; x_wconf 90' lang='lat' dir='ltr'>in</span> <span class='ocrx_word' id='word_1_81' title='bbox 442 1417 523 1470; x_wconf 82' lang='lat' dir='ltr'>rebus</span> <span class='ocrx_word' id='word_1_82' title='bbox 536 1414 604 1471; x_wconf 86' lang='lat' dir='ltr'>inest</span> <span class='ocrx_word' id='word_1_83' title='bbox 616 1414 715 1471; x_wconf 84' lang='lat' dir='ltr'>secreta</span> <span class='ocrx_word' id='word_1_84' title='bbox 728 1414 853 1471; x_wconf 86' lang='lat' dir='ltr'>facultas.</span> 
     </span>
    </p>

    <p class='ocr_par' dir='ltr' id='par_1_6' title="bbox 203 1494 910 1638">
     <span class='ocr_line' id='line_1_14' title="bbox 246 1494 910 1561; baseline -0.003 -10"><span class='ocrx_word' id='word_1_85' title='bbox 246 1497 387 1559; x_wconf 82' lang='lat' dir='ltr'>Praeterea‚</span> <span class='ocrx_word' id='word_1_86' title='bbox 401 1514 452 1551; x_wconf 89' lang='lat' dir='ltr'>cur</span> <span class='ocrx_word' id='word_1_87' title='bbox 464 1514 527 1550; x_wconf 89' lang='lat' dir='ltr'>vere</span> <span class='ocrx_word' id='word_1_88' title='bbox 541 1494 640 1561; x_wconf 76' lang='lat' dir='ltr'>rosam,</span> <span class='ocrx_word' id='word_1_89' title='bbox 656 1494 795 1551; x_wconf 86' lang='lat' dir='ltr'>frumenta</span> <span class='ocrx_word' id='word_1_90' title='bbox 808 1497 910 1558; x_wconf 85' lang='lat' dir='ltr'>calore,</span> 
     </span>
     <span class='ocr_line' id='line_1_15' title="bbox 203 1573 824 1638; baseline -0.002 -8"><span class='ocrx_word' id='word_1_91' title='bbox 203 1575 296 1631; x_wconf 84' lang='lat' dir='ltr'>Viteis</span> <span class='ocrx_word' id='word_1_92' title='bbox 309 1590 443 1630; x_wconf 86' lang='lat' dir='ltr'>autumno</span> <span class='ocrx_word' id='word_1_93' title='bbox 457 1573 537 1629; x_wconf 86' lang='lat' dir='ltr'>fundi</span> <span class='ocrx_word' id='word_1_94' title='bbox 551 1574 666 1630; x_wconf 88' lang='lat' dir='ltr'>sudante</span> <span class='ocrx_word' id='word_1_95' title='bbox 679 1575 824 1638; x_wconf 84' lang='lat' dir='ltr'>videmus:</span> 
     </span>
    </p>

    <p class='ocr_par' dir='ltr' id='par_1_7' title="bbox 203 1653 945 1890">
     <span class='ocr_line' id='line_1_16' title="bbox 203 1653 906 1730; baseline 0.004 -19"><span class='ocrx_word' id='word_1_96' title='bbox 203 1656 232 1711; x_wconf 88' lang='lat' dir='ltr'>Si</span> <span class='ocrx_word' id='word_1_97' title='bbox 246 1675 315 1722; x_wconf 78' lang='lat' dir='ltr'>nou,</span> <span class='ocrx_word' id='word_1_98' title='bbox 330 1671 401 1710; x_wconf 84' lang='lat' dir='ltr'>certa</span> <span class='ocrx_word' id='word_1_99' title='bbox 415 1653 463 1711; x_wconf 93' lang='lat' dir='ltr'>suo</span> <span class='ocrx_word' id='word_1_100' title='bbox 476 1656 544 1730; x_wconf 90' lang='lat' dir='ltr'>quia</span> <span class='ocrx_word' id='word_1_101' title='bbox 557 1670 682 1730; x_wconf 87' lang='lat' dir='ltr'>ternpore</span> <span class='ocrx_word' id='word_1_102' title='bbox 695 1655 799 1711; x_wconf 88' lang='lat' dir='ltr'>semina</span> <span class='ocrx_word' id='word_1_103' title='bbox 813 1677 906 1714; x_wconf 81' lang='lat' dir='ltr'>rerum</span> 
     </span>
     <span class='ocr_line' id='line_1_17' title="bbox 204 1735 945 1811; baseline 0 -21"><span class='ocrx_word' id='word_1_104' title='bbox 204 1738 278 1793; x_wconf 82' lang='lat' dir='ltr'>(inm</span> <span class='ocrx_word' id='word_1_105' title='bbox 293 1737 501 1799; x_wconf 71' lang='lat' dir='ltr'>confluxerunt,</span> <span class='ocrx_word' id='word_1_106' title='bbox 513 1736 610 1810; x_wconf 87' lang='lat' dir='ltr'>patefit</span> <span class='ocrx_word' id='word_1_107' title='bbox 622 1735 811 1811; x_wconf 86' lang='lat' dir='ltr'>quodcunque</span> <span class='ocrx_word' id='word_1_108' title='bbox 825 1753 945 1803; x_wconf 82' lang='lat' dir='ltr'>creatur,</span> 
     </span>
     <span class='ocr_line' id='line_1_18' title="bbox 204 1814 825 1890; baseline 0 -18"><span class='ocrx_word' id='word_1_109' title='bbox 204 1818 280 1873; x_wconf 88' lang='lat' dir='ltr'>Ilum</span> <span class='ocrx_word' id='word_1_110' title='bbox 295 1814 461 1890; x_wconf 80' lang='lat' dir='ltr'>tempestates</span> <span class='ocrx_word' id='word_1_111' title='bbox 474 1815 582 1882; x_wconf 81' lang='lat' dir='ltr'>adsunt,</span> <span class='ocrx_word' id='word_1_112' title='bbox 598 1832 624 1871; x_wconf 92' lang='lat' dir='ltr'>et</span> <span class='ocrx_word' id='word_1_113' title='bbox 637 1816 733 1872; x_wconf 76' lang='lat' dir='ltr'>vivida</span> <span class='ocrx_word' id='word_1_114' title='bbox 746 1817 825 1872; x_wconf 78' lang='lat' dir='ltr'>tellus</span> 
     </span>
    </p>

    <p class='ocr_par' dir='ltr' id='par_1_8' title="bbox 204 1894 807 1955">
     <span class='ocr_line' id='line_1_19' title="bbox 204 1894 807 1955; baseline -0.003 0"><span class='ocrx_word' id='word_1_115' title='bbox 204 1898 282 1955; x_wconf 88' lang='lat' dir='ltr'>Tuto</span> <span class='ocrx_word' id='word_1_116' title='bbox 296 1912 451 1953; x_wconf 79' lang='lat' dir='ltr'>restructas</span> <span class='ocrx_word' id='word_1_117' title='bbox 464 1894 543 1952; x_wconf 87' lang='lat' dir='ltr'>essert</span> <span class='ocrx_word' id='word_1_118' title='bbox 554 1899 585 1953; x_wconf 89' lang='lat' dir='ltr'>in</span> <span class='ocrx_word' id='word_1_119' title='bbox 599 1897 714 1954; x_wconf 85' lang='lat' dir='ltr'>luminis</span> <span class='ocrx_word' id='word_1_120' title='bbox 726 1896 807 1953; x_wconf 82' lang='lat' dir='ltr'>oras?</span> 
     </span>
    </p>

    <p class='ocr_par' dir='ltr' id='par_1_9' title="bbox 204 1976 967 2295">
     <span class='ocr_line' id='line_1_20' title="bbox 205 1976 893 2055; baseline 0.001 -21"><span class='ocrx_word' id='word_1_121' title='bbox 205 1979 294 2055; x_wconf 71' lang='lat' dir='ltr'>Quod</span> <span class='ocrx_word' id='word_1_122' title='bbox 308 1979 370 2033; x_wconf 85' lang='lat' dir='ltr'>side</span> <span class='ocrx_word' id='word_1_123' title='bbox 383 1976 473 2034; x_wconf 78' lang='lat' dir='ltr'>nihilo</span> <span class='ocrx_word' id='word_1_124' title='bbox 488 1979 597 2044; x_wconf 81' lang='lat' dir='ltr'>fierent,</span> <span class='ocrx_word' id='word_1_125' title='bbox 609 1978 698 2033; x_wconf 89' lang='lat' dir='ltr'>subito</span> <span class='ocrx_word' id='word_1_126' title='bbox 712 1994 893 2035; x_wconf 84' lang='lat' dir='ltr'>exorerentur</span> 
     </span>
     <span class='ocr_line' id='line_1_21' title="bbox 205 2058 866 2135; baseline -0.002 -21"><span class='ocrx_word' id='word_1_127' title='bbox 205 2061 317 2115; x_wconf 87' lang='lat' dir='ltr'>lucerto</span> <span class='ocrx_word' id='word_1_128' title='bbox 331 2058 431 2135; x_wconf 80' lang='lat' dir='ltr'>spatio,</span> <span class='ocrx_word' id='word_1_129' title='bbox 446 2074 527 2133; x_wconf 87' lang='lat' dir='ltr'>atque</span> <span class='ocrx_word' id='word_1_130' title='bbox 541 2059 640 2115; x_wconf 88' lang='lat' dir='ltr'>alienis</span> <span class='ocrx_word' id='word_1_131' title='bbox 650 2059 774 2134; x_wconf 85' lang='lat' dir='ltr'>partibus</span> <span class='ocrx_word' id='word_1_132' title='bbox 782 2060 866 2114; x_wconf 89' lang='lat' dir='ltr'>anni:</span> 
     </span>
     <span class='ocr_line' id='line_1_22' title="bbox 204 2138 967 2216; baseline 0.001 -22"><span class='ocrx_word' id='word_1_133' title='bbox 204 2141 326 2216; x_wconf 70' lang='lat' dir='ltr'>Quippe</span> <span class='ocrx_word' id='word_1_134' title='bbox 338 2140 388 2196; x_wconf 88' lang='lat' dir='ltr'>ubi</span> <span class='ocrx_word' id='word_1_135' title='bbox 401 2140 480 2196; x_wconf 84' lang='lat' dir='ltr'>nulla</span> <span class='ocrx_word' id='word_1_136' title='bbox 492 2140 584 2195; x_wconf 84' lang='lat' dir='ltr'>forent</span> <span class='ocrx_word' id='word_1_137' title='bbox 599 2139 764 2214; x_wconf 77' lang='lat' dir='ltr'>primordia,</span> <span class='ocrx_word' id='word_1_138' title='bbox 779 2160 839 2213; x_wconf 86' lang='lat' dir='ltr'>quae</span> <span class='ocrx_word' id='word_1_139' title='bbox 853 2138 967 2214; x_wconf 79' lang='lat' dir='ltr'>genitali</span> 
     </span>
     <span class='ocr_line' id='line_1_23' title="bbox 205 2218 814 2295; baseline -0.003 -20"><span class='ocrx_word' id='word_1_140' title='bbox 205 2222 337 2289; x_wconf 79' lang='lat' dir='ltr'>Concilio</span> <span class='ocrx_word' id='word_1_141' title='bbox 352 2218 458 2295; x_wconf 86' lang='lat' dir='ltr'>possent</span> <span class='ocrx_word' id='word_1_142' title='bbox 470 2221 556 2275; x_wconf 85' lang='lat' dir='ltr'>arceri</span> <span class='ocrx_word' id='word_1_143' title='bbox 568 2234 692 2293; x_wconf 84' lang='lat' dir='ltr'>tempore</span> <span class='ocrx_word' id='word_1_144' title='bbox 701 2219 814 2293; x_wconf 89' lang='lat' dir='ltr'>iniquo.</span> 
     </span>
    </p>

    <p class='ocr_par' dir='ltr' id='par_1_10' title="bbox 205 2298 959 2940">
     <span class='ocr_line' id='line_1_24' title="bbox 249 2298 905 2375; baseline -0.005 -20"><span class='ocrx_word' id='word_1_145' title='bbox 249 2302 308 2355; x_wconf 88' lang='lat' dir='ltr'>Nec</span> <span class='ocrx_word' id='word_1_146' title='bbox 323 2318 409 2375; x_wconf 88' lang='lat' dir='ltr'>porro</span> <span class='ocrx_word' id='word_1_147' title='bbox 418 2299 552 2375; x_wconf 82' lang='lat' dir='ltr'>augendis</span> <span class='ocrx_word' id='word_1_148' title='bbox 562 2300 643 2354; x_wconf 89' lang='lat' dir='ltr'>rebus</span> <span class='ocrx_word' id='word_1_149' title='bbox 653 2299 748 2373; x_wconf 85' lang='lat' dir='ltr'>Spatio</span> <span class='ocrx_word' id='word_1_150' title='bbox 759 2298 829 2354; x_wconf 89' lang='lat' dir='ltr'>soret</span> <span class='ocrx_word' id='word_1_151' title='bbox 839 2299 905 2354; x_wconf 75' lang='lat' dir='ltr'>usna</span> 
     </span>
     <span class='ocr_line' id='line_1_25' title="bbox 206 2377 916 2454; baseline -0.001 -19"><span class='ocrx_word' id='word_1_152' title='bbox 206 2380 325 2436; x_wconf 82' lang='lat' dir='ltr'>Seminis</span> <span class='ocrx_word' id='word_1_153' title='bbox 338 2379 373 2435; x_wconf 89' lang='lat' dir='ltr'>ad</span> <span class='ocrx_word' id='word_1_154' title='bbox 384 2380 499 2443; x_wconf 82' lang='lat' dir='ltr'>coitum,</span> <span class='ocrx_word' id='word_1_155' title='bbox 511 2400 525 2434; x_wconf 91' lang='lat' dir='ltr'>e</span> <span class='ocrx_word' id='word_1_156' title='bbox 536 2377 656 2434; x_wconf 85' lang='lat' dir='ltr'>nihilosi</span> <span class='ocrx_word' id='word_1_157' title='bbox 669 2378 785 2433; x_wconf 86' lang='lat' dir='ltr'>crescere</span> <span class='ocrx_word' id='word_1_158' title='bbox 798 2378 916 2454; x_wconf 84' lang='lat' dir='ltr'>possent.</span> 
     </span>
     <span class='ocr_line' id='line_1_26' title="bbox 205 2456 959 2536; baseline -0.003 -19"><span class='ocrx_word' id='word_1_159' title='bbox 205 2464 279 2518; x_wconf 86' lang='lat' dir='ltr'>Nam</span> <span class='ocrx_word' id='word_1_160' title='bbox 294 2461 390 2517; x_wconf 87' lang='lat' dir='ltr'>fierent</span> <span class='ocrx_word' id='word_1_161' title='bbox 398 2461 514 2536; x_wconf 88' lang='lat' dir='ltr'>juvenes</span> <span class='ocrx_word' id='word_1_162' title='bbox 529 2458 621 2515; x_wconf 88' lang='lat' dir='ltr'>subito</span> <span class='ocrx_word' id='word_1_163' title='bbox 634 2479 668 2514; x_wconf 84' lang='lat' dir='ltr'>ex</span> <span class='ocrx_word' id='word_1_164' title='bbox 682 2456 835 2514; x_wconf 86' lang='lat' dir='ltr'>infantibus</span> <span class='ocrx_word' id='word_1_165' title='bbox 849 2460 959 2534; x_wconf 83' lang='lat' dir='ltr'>parvis:</span> 
     </span>
     <span class='ocr_line' id='line_1_27' title="bbox 205 2537 852 2616; baseline -0.005 -19"><span class='ocrx_word' id='word_1_166' title='bbox 205 2543 230 2597; x_wconf 86' lang='lat' dir='ltr'>E</span> <span class='ocrx_word' id='word_1_167' title='bbox 244 2556 371 2615; x_wconf 89' lang='lat' dir='ltr'>terraque</span> <span class='ocrx_word' id='word_1_168' title='bbox 383 2554 477 2596; x_wconf 87' lang='lat' dir='ltr'>exorta</span> <span class='ocrx_word' id='word_1_169' title='bbox 488 2554 598 2616; x_wconf 89' lang='lat' dir='ltr'>repente</span> <span class='ocrx_word' id='word_1_170' title='bbox 612 2537 719 2595; x_wconf 88' lang='lat' dir='ltr'>arbusta</span> <span class='ocrx_word' id='word_1_171' title='bbox 730 2537 852 2596; x_wconf 82' lang='lat' dir='ltr'>salirent.</span> 
     </span>
     <span class='ocr_line' id='line_1_28' title="bbox 207 2618 954 2700; baseline -0.001 -23"><span class='ocrx_word' id='word_1_172' title='bbox 207 2625 340 2700; x_wconf 75' lang='lat' dir='ltr'>Quorum</span> <span class='ocrx_word' id='word_1_173' title='bbox 353 2622 395 2677; x_wconf 92' lang='lat' dir='ltr'>nil</span> <span class='ocrx_word' id='word_1_174' title='bbox 409 2621 467 2677; x_wconf 86' lang='lat' dir='ltr'>sieri</span> <span class='ocrx_word' id='word_1_175' title='bbox 482 2618 655 2676; x_wconf 84' lang='lat' dir='ltr'>maniseslum</span> <span class='ocrx_word' id='word_1_176' title='bbox 668 2618 715 2685; x_wconf 79' lang='lat' dir='ltr'>est.</span> <span class='ocrx_word' id='word_1_177' title='bbox 731 2621 828 2676; x_wconf 85' lang='lat' dir='ltr'>omnia</span> <span class='ocrx_word' id='word_1_178' title='bbox 839 2619 954 2694; x_wconf 89' lang='lat' dir='ltr'>quando</span> 
     </span>
     <span class='ocr_line' id='line_1_29' title="bbox 205 2697 878 2777; baseline -0.004 -18"><span class='ocrx_word' id='word_1_179' title='bbox 205 2702 355 2760; x_wconf 85' lang='lat' dir='ltr'>Paullatim</span> <span class='ocrx_word' id='word_1_180' title='bbox 369 2701 492 2758; x_wconf 88' lang='lat' dir='ltr'>crescunt</span> <span class='ocrx_word' id='word_1_181' title='bbox 504 2699 545 2770; x_wconf 85' lang='lat' dir='ltr'>(ut</span> <span class='ocrx_word' id='word_1_182' title='bbox 554 2697 664 2777; x_wconf 76' lang='lat' dir='ltr'>par&#39;ell]</span> <span class='ocrx_word' id='word_1_183' title='bbox 679 2699 780 2755; x_wconf 88' lang='lat' dir='ltr'>semine</span> <span class='ocrx_word' id='word_1_184' title='bbox 790 2716 878 2756; x_wconf 88' lang='lat' dir='ltr'>certo:</span> 
     </span>
     <span class='ocr_line' id='line_1_30' title="bbox 207 2779 932 2857; baseline -0.001 -19"><span class='ocrx_word' id='word_1_185' title='bbox 207 2782 416 2856; x_wconf 86' lang='lat' dir='ltr'>Cresccudoque</span> <span class='ocrx_word' id='word_1_186' title='bbox 429 2801 514 2857; x_wconf 86' lang='lat' dir='ltr'>genus</span> <span class='ocrx_word' id='word_1_187' title='bbox 528 2781 636 2837; x_wconf 88' lang='lat' dir='ltr'>servant</span> <span class='ocrx_word' id='word_1_188' title='bbox 648 2803 657 2846; x_wconf 65' lang='grc' dir='ltr'><strong>ς</strong></span> <span class='ocrx_word' id='word_1_189' title='bbox 681 2795 712 2835; x_wconf 91' lang='lat' dir='ltr'>ut</span> <span class='ocrx_word' id='word_1_190' title='bbox 725 2780 833 2836; x_wconf 87' lang='lat' dir='ltr'>noscere</span> <span class='ocrx_word' id='word_1_191' title='bbox 847 2779 932 2855; x_wconf 75' lang='lat' dir='ltr'>possis</span> 
     </span>
     <span class='ocr_line' id='line_1_31' title="bbox 206 2859 885 2940; baseline -0.003 -22"><span class='ocrx_word' id='word_1_192' title='bbox 206 2865 333 2940; x_wconf 71' lang='lat' dir='ltr'>Quaeque</span> <span class='ocrx_word' id='word_1_193' title='bbox 347 2861 393 2916; x_wconf 84' lang='lat' dir='ltr'>sua</span> <span class='ocrx_word' id='word_1_194' title='bbox 405 2861 439 2916; x_wconf 93' lang='lat' dir='ltr'>de</span> <span class='ocrx_word' id='word_1_195' title='bbox 453 2862 566 2916; x_wconf 85' lang='lat' dir='ltr'>materia</span> <span class='ocrx_word' id='word_1_196' title='bbox 579 2859 763 2937; x_wconf 79' lang='lat' dir='ltr'>grandescere,</span> <span class='ocrx_word' id='word_1_197' title='bbox 779 2861 885 2934; x_wconf 87' lang='lat' dir='ltr'>alique.</span> 
     </span>
    </p>

    <p class='ocr_par' dir='ltr' id='par_1_11' title="bbox 207 2941 904 3420">
     <span class='ocr_line' id='line_1_32' title="bbox 252 2941 872 2998; baseline 0 -1"><span class='ocrx_word' id='word_1_198' title='bbox 252 2943 317 2998; x_wconf 87' lang='lat' dir='ltr'>Huc</span> <span class='ocrx_word' id='word_1_199' title='bbox 326 2941 431 2997; x_wconf 89' lang='lat' dir='ltr'>accedit</span> <span class='ocrx_word' id='word_1_200' title='bbox 443 2941 484 2996; x_wconf 90' lang='lat' dir='ltr'>uti</span> <span class='ocrx_word' id='word_1_201' title='bbox 500 2942 554 2996; x_wconf 88' lang='lat' dir='ltr'>line</span> <span class='ocrx_word' id='word_1_202' title='bbox 566 2943 648 2996; x_wconf 86' lang='lat' dir='ltr'>certis</span> <span class='ocrx_word' id='word_1_203' title='bbox 657 2941 797 2998; x_wconf 80' lang='lat' dir='ltr'>imbribus</span> <span class='ocrx_word' id='word_1_204' title='bbox 805 2941 872 2997; x_wconf 90' lang='lat' dir='ltr'>anni</span> 
     </span>
     <span class='ocr_line' id='line_1_33' title="bbox 209 3020 855 3095; baseline -0.005 -16"><span class='ocrx_word' id='word_1_205' title='bbox 209 3023 345 3079; x_wconf 84' lang='lat' dir='ltr'>Laetificos</span> <span class='ocrx_word' id='word_1_206' title='bbox 354 3036 470 3095; x_wconf 87' lang='lat' dir='ltr'>nequeat</span> <span class='ocrx_word' id='word_1_207' title='bbox 483 3020 562 3077; x_wconf 81' lang='lat' dir='ltr'>s&#39;oetus</span> <span class='ocrx_word' id='word_1_208' title='bbox 575 3020 746 3076; x_wconf 85' lang='lat' dir='ltr'>summittere</span> <span class='ocrx_word' id='word_1_209' title='bbox 760 3022 855 3076; x_wconf 79' lang='lat' dir='ltr'>tellust</span> 
     </span>
     <span class='ocr_line' id='line_1_34' title="bbox 207 3099 833 3177; baseline -0.006 -18"><span class='ocrx_word' id='word_1_210' title='bbox 207 3105 266 3159; x_wconf 88' lang='lat' dir='ltr'>Nec</span> <span class='ocrx_word' id='word_1_211' title='bbox 277 3121 362 3177; x_wconf 86' lang='lat' dir='ltr'>porro</span> <span class='ocrx_word' id='word_1_212' title='bbox 375 3101 469 3157; x_wconf 84' lang='lat' dir='ltr'>secreta</span> <span class='ocrx_word' id='word_1_213' title='bbox 479 3103 544 3156; x_wconf 89' lang='lat' dir='ltr'>cibo</span> <span class='ocrx_word' id='word_1_214' title='bbox 551 3115 648 3156; x_wconf 85' lang='lat' dir='ltr'>natura</span> <span class='ocrx_word' id='word_1_215' title='bbox 658 3099 833 3156; x_wconf 88' lang='lat' dir='ltr'>animantum</span> 
     </span>
     <span class='ocr_line' id='line_1_35' title="bbox 207 3180 820 3258; baseline -0.005 -19"><span class='ocrx_word' id='word_1_216' title='bbox 207 3185 364 3258; x_wconf 84' lang='lat' dir='ltr'>Propagare</span> <span class='ocrx_word' id='word_1_217' title='bbox 377 3201 463 3257; x_wconf 85' lang='lat' dir='ltr'>genus</span> <span class='ocrx_word' id='word_1_218' title='bbox 471 3180 564 3257; x_wconf 84' lang='lat' dir='ltr'>possit,</span> <span class='ocrx_word' id='word_1_219' title='bbox 577 3181 720 3255; x_wconf 88' lang='lat' dir='ltr'>vitamque</span> <span class='ocrx_word' id='word_1_220' title='bbox 735 3181 820 3236; x_wconf 79' lang='lat' dir='ltr'>tuerit</span> 
     </span>
     <span class='ocr_line' id='line_1_36' title="bbox 209 3260 866 3338; baseline -0.003 -18"><span class='ocrx_word' id='word_1_221' title='bbox 209 3265 251 3321; x_wconf 89' lang='lat' dir='ltr'>Ut</span> <span class='ocrx_word' id='word_1_222' title='bbox 264 3262 360 3338; x_wconf 88' lang='lat' dir='ltr'>potius</span> <span class='ocrx_word' id='word_1_223' title='bbox 374 3262 470 3317; x_wconf 81' lang='lat' dir='ltr'>multis</span> <span class='ocrx_word' id='word_1_224' title='bbox 479 3260 641 3316; x_wconf 86' lang='lat' dir='ltr'>communia</span> <span class='ocrx_word' id='word_1_225' title='bbox 650 3279 770 3335; x_wconf 89' lang='lat' dir='ltr'>corpora</span> <span class='ocrx_word' id='word_1_226' title='bbox 783 3262 866 3318; x_wconf 84' lang='lat' dir='ltr'>rebus</span> 
     </span>
     <span class='ocr_line' id='line_1_37' title="bbox 207 3339 904 3420; baseline 0 -18"><span class='ocrx_word' id='word_1_227' title='bbox 207 3345 301 3402; x_wconf 77' lang='lat' dir='ltr'>Multa</span> <span class='ocrx_word' id='word_1_228' title='bbox 313 3357 392 3420; x_wconf 83' lang='lat' dir='ltr'>putea</span> <span class='ocrx_word' id='word_1_229' title='bbox 405 3341 466 3409; x_wconf 83' lang='lat' dir='ltr'>esse,</span> <span class='ocrx_word' id='word_1_230' title='bbox 482 3357 512 3401; x_wconf 88' lang='lat' dir='ltr'>ut</span> <span class='ocrx_word' id='word_1_231' title='bbox 522 3339 613 3400; x_wconf 78' lang='lat' dir='ltr'>verbis</span> <span class='ocrx_word' id='word_1_232' title='bbox 623 3340 755 3398; x_wconf 82' lang='lat' dir='ltr'>clementa</span> <span class='ocrx_word' id='word_1_233' title='bbox 765 3341 904 3411; x_wconf 76' lang='lat' dir='ltr'>videmus,</span> 
     </span>
    </p>
   </div>
   <div class='ocr_carea' id='block_1_3' title="bbox 905 3387 1032 3502">
    <p class='ocr_par' dir='ltr' id='par_1_12' title="bbox 905 3387 1032 3502">
     <span class='ocr_line' id='line_1_38' title="bbox 905 3387 1032 3502; baseline 0 -109"><span class='ocrx_word' id='word_1_234' title='bbox 905 3424 1003 3502; x_wconf 30' lang='lat' dir='ltr'>Qum</span> <span class='ocrx_word' id='word_1_235' title='bbox 1028 3387 1032 3393; x_wconf 86' lang='grc'><em>,</em></span> 
     </span>
    </p>
   </div>
   <div class='ocr_carea' id='block_1_4' title="bbox 0 0 1197 3875">
    <p class='ocr_par' dir='ltr' id='par_1_13' title="bbox 0 0 1197 3875">
     <span class='ocr_line' id='line_1_39' title="bbox 0 0 1197 3875; baseline 0 0"><span class='ocrx_word' id='word_1_236' title='bbox 0 0 1197 3875; x_wconf 95' lang='lat' dir='ltr'> </span> 
     </span>
    </p>
   </div>
  </div>
 </body>
</html>
