2359 3875
269 445 317 517 44
430 423 472 496 T.
517 363 904 496 LUCRETlI

270 557 410 615 Littoris
401 579 513 615 incurvi
505 558 653 615 bibulam
667 559 746 634 pavit
760 578 853 650 aequor
866 575 988 613 arenam.
1044 553 1048 558 ’

269 641 366 713 Quare
381 640 464 694 etiam
478 653 560 714 atque
572 640 656 694 etiarn
667 639 748 696 fimili
763 640 869 695 rarione
883 632 1035 703 neceffesttt

269 718 377 775 Natura
390 717 525 796 quoniam
538 718 673 784 conflant,
689 739 779 794 neque
788 718 857 774 fafla
872 733 958 773 manu
972 715 1037 771 funt

273 796 368 855 Unius
381 798 416 854 ad
426 812 530 855 certam
543 797 659 854 formam
674 799 830 874 primordia
844 817 948 862 rerum,

269 875 423 934 Dissimili
415 893 489 935 inter
503 878 529 933 fe
540 878 667 953 quaedam
682 878 796 934 volitare
811 879 911 953 figura.

282 952 453 1013 Perfacile
457 956 498 1011 st'
485 976 544 1033 Jam
559 958 648 1013 animi
664 958 770 1013 ratione
783 958 924 1014 exsolvere
935 956 1029 1022 nobis,

271 1036 367 1112 Quare
379 1036 529 1093 fulmineus
540 1036 630 1092 multo
643 1038 828 1123 penetralior
820 1038 907 1113 ignis,

270 1116 367 1191 Quam
379 1116 471 1174 noller
483 1117 551 1173 fluat
564 1136 578 1171 e
592 1114 664 1172 tedis'
675 1116 845 1173 terrestribus
858 1132 948 1173 ortus.

269 1195 370 1253 Dicere
382 1197 459 1252 enim
472 1196 552 1272 pollis
565 1195 698 1252 coelellem
707 1195 832 1252 fulminis
845 1198 939 1272 ignem

269 1276 405 1334 Subtilem
417 1280 504 1354 magis
514 1297 528 1331 e
544 1277 638 1352 parvis
650 1275 770 1331 constare
780 1277 893 1352 figuris:

268 1358 365 1432 Atque
375 1357 437 1412 ideo
451 1357 559 1413 tranfire
572 1355 719 1421 foramina,
735 1376 796 1430 que
809 1358 905 1431 nequit
915 1357 992 1434 ignis

258 1437 369 1495 -Noller
381 1434 429 1492 hic
443 1456 457 1491 c
470 1438 554 1512 lignis
566 1450 654 1506 ortus,
670 1434 787 1510 tedaque
803 1451 920 1493 creatus.

314 1517 447 1574 Preterea
461 1517 556 1571 lumen
571 1534 622 1590 per
633 1534 720 1570 cornu
734 1516 843 1581 tranlit;
867 1530 894 1571 at
907 1518 997 1573 imber
1048 1579 1051 1586 ¹

269 1595 440 1671 Respuitur:
466 1596 584 1671 Quare?
604 1594 654 1651 nili
668 1595 785 1650 luminis
797 1596 846 1651 illa
860 1596 971 1654 minora
1008 1633 1015 1640 μ

268 1678 399 1753 Corpora
417 1674 490 1741 sunt,
510 1693 595 1749 quam
615 1674 650 1729 de
671 1675 776 1751 quibus
796 1674 833 1731 eli
850 1677 945 1751 liquor
963 1677 1056 1735 almus

393 1774 543 1831 aquarum.

311 1832 484 1910 thuamvis
497 1834 590 1892 subito
601 1837 792 1912 percolum
766 1857 830 1894 vina
843 1837 970 1893 ridemus
1042 1870 1046 1878 ·

267 1916 421 1982 Perfluat,
446 1932 473 1973 at
488 1930 583 1974 contra
599 1917 707 1973 tardum
717 1916 860 1974 conflatur
872 1919 999 1976 olivum.

267 1999 330 2055 Aut
342 1998 409 2073 quia
421 1998 558 2061 nimirum
573 1998 727 2073 majoribus
739 1996 775 2053 est
788 1999 946 2065 elementis3

267 2077 330 2135 Aut
343 2078 431 2154 magis
443 2076 560 2134 hamatis
570 2078 642 2133 inter
654 2076 690 2142 le,
704 2096 808 2152 perque
817 2077 939 2152 plicatis.

266 2158 363 2232 Atque
377 2157 440 2214 ideo
454 2158 496 2224 fit,
508 2157 551 2213 uti
562 2177 620 2214 non
634 2156 812 2213 tamdedufla
825 2173 938 2233 repente

267 2239 348 2293 Inter
357 2236 380 2291 le
395 2236 497 2311 pollrnt
510 2236 665 2312 primordia
677 2237 783 2312 fingula
795 2256 912 2312 quaque

266 2317 379 2392 Singula
390 2335 441 2391 per
451 2315 581 2392 cujusque
589 2314 729 2372 foramina
743 2335 916 2391 permanare.

308 2397 374 2452 Huc
383 2395 499 2461 accedit,
515 2397 558 2453 uti
571 2396 661 2452 mellis
673 2395 800 2470 labiisque
813 2398 934 2471 liquores

257 2475 395 2551 Jucunrio
406 2474 483 2532 fenlu
497 2476 599 2552 lingua
609 2475 758 2532 metientur
771 2476 801 2531 in
816 2495 879 2532 ore:

264 2556 307 2614 At
318 2570 412 2612 contra
427 2569 495 2612 tetra
506 2554 630 2612 ablinthl
643 2571 753 2621 natura,
770 2554 874 2631 ferique

265 2635 419 2701 Centauri,
430 2634 504 2693 foedo
517 2650 700 2712 pertorquent
709 2655 758 2692 ora
767 2636 877 2712 lapore:

265 2717 307 2775 Ut
319 2715 399 2772 facile
411 2717 538 2791 agnoscas
549 2717 699 2783 clavibus,
715 2730 796 2791 atque
811 2717 941 2774 rotundis

263 2794 325 2853 Elle
335 2816 376 2865 ea,
390 2816 452 2870 qua
463 2795 555 2852 sensus
564 2796 688 2872 jucunde
700 2812 809 2871 tangere
822 2797 951 2872 poliunt:

262 2876 406 2932 Atcontra
413 2894 473 2949 qua
482 2888 679 2950 amara‚atqne
686 2876 779 2952 aspera
787 2895 894 2951 cunque
901 2879 1044 2951 videntur,

262 2955 330 3012 Haec
344 2954 432 3030 magis
444 2952 562 3010 hamatis
575 2955 649 3011 inter
661 2955 686 3010 fe
699 2975 772 3011 nexa
786 2959 894 3022 teneri,
886 2983 894 2995 ·

261 3035 467 3125 Proptereaqne
479 3032 606 3091 solere
578 3055 639 3091 vias
650 3034 802 3092 rescindere
814 3001 914 3095 nollris
970 3075 972 3079 -

262 3113 422 3180 Senlibuss
413 3113 586 3189 introituque
601 3114 648 3170 luo
663 3135 842 3192 perrumpere
855 3138 970 3195 corpus.
1039 3133 1043 3141 '

306 3192 412 3250 Omnia
424 3191 563 3269 postremo
576 3195 650 3250 bona
663 3194 789 3261 sensibus
805 3211 832 3252 et
845 3200 916 3255 mala
930 3200 1014 3269 taflu,

261 3272 416 3330 Dillimili
408 3287 482 3329 mter
495 3273 521 3330 fe
532 3289 661 3350 pugnant
671 3273 789 3352 perfefla
802 3277 906 3353 figura·

260 3354 305 3413 Ne
318 3364 348 3412 tu
358 3350 431 3412 forte
442 3367 524 3432 putes
538 3354 613 3412 ferrar
621 3351 760 3414 stridentis
773 3357 903 3416 acerbum

887 3438 1043 3498 Horrorem
