2359 3875
269 464 331 529 ψ
433 437 893 509 [nuenarii

262 572 382 647 Quanta·
397 571 453 628 haec
471 590 583 646 cunque
604 571 673 639 fuat,
697 585 772 627 tanta
788 569 857 638 lunc,
873 568 1005 627 videatur
1016 568 1048 623 iu

270 693 274 700 .
344 651 411 709 alto.
747 689 750 694 -
793 667 795 676 ·

303 729 455 798 Postremo,
464 732 643 808 quoscunque
656 731 733 789 vides
742 729 809 787 hinc
822 727 932 786 etheris
944 728 1046 805 igneis,

263 808 525 888 (Quandoquidem,
536 812 712 887 quoscunque
722 812 752 867 in
762 811 842 867 terris
851 808 992 868 cemimus
1003 809 1048 885 igss

343 893 413 960 ucis,
839 885 841 892 ’
1018 949 1020 953 ,

262 973 339 1029 Dum
353 986 457 1028 tremor
468 971 504 1028 est
514 974 615 1039 clarus,
626 970 695 1029 dum
705 970 829 1028 cernitur
838 969 922 1027 ardor
934 987 1045 1035 comm,

261 1053 435 1129 Perparvum
447 1052 582 1127 quiddam
596 1051 739 1108 inteidum
750 1066 857 1108 mutare
869 1049 1005 1108 videntur
1036 1061 1038 1068 '

261 1132 437 1189 Alterutrum
447 1134 477 1189 in
490 1147 596 1209 partem
610 1133 702 1199 filum,
718 1151 782 1187 cum
796 1130 910 1206 longius
921 1128 1032 1201 abduc)

202 1205 205 1209 ⁴
260 1213 336 1269 Scire
345 1214 423 1279 licet,
438 1211 572 1288 perquam
587 1212 713 1289 pauxillo
724 1210 799 1287 poffe
811 1212 947 1267 minores·

260 1292 332 1360 Effe,
347 1295 390 1349 vel
402 1294 503 1371 exigua
515 1294 632 1369 majores
646 1306 734 1369 parte,
748 1292 893 1365 brevique.

306 1373 385 1431 Illud
396 1375 463 1429 item
472 1393 531 1431 non
545 1373 580 1428 est
591 1370 764 1438 mirandum,
775 1391 832 1447 qua
844 1370 951 1428 ratione
1003 1395 1005 1406 ·

259 1454 399 1512 Tantulus
412 1454 460 1508 ille
470 1468 552 1526 queat
565 1467 675 1509 tautum
689 1450 728 1507 sol
740 1452 849 1508 mittere
860 1452 977 1516 lumen..

263 1533 354 1611 Quod
367 1534 466 1598 maria,
480 1552 512 1588 ac
525 1548 611 1589 terrae
624 1532 732 1588 omneis
744 1532 900 1607 coelumque
912 1526 1034 1607 rigando

260 1614 420 1688 Compleat‚
432 1628 457 1668 et
467 1613 556 1668 calido
573 1611 721 1688 perfundat
734 1610 831 1668 cundia
844 1629 959 1687 vapore.

259 1694 334 1750 Nam
347 1693 411 1749 licet
424 1691 490 1748 hinc
504 1692 604 1748 mundi
618 1689 784 1768 pateiadum
799 1692 883 1747 totius
895 1710 988 1747 unum

260 1772 435 1849 largifluum
447 1771 553 1829 fontem
566 1772 676 1837 scatere,
686 1787 768 1846 atque
779 1790 924 1847 erumpere
937 1770 1044 1829 flumen

260 1854 305 1910 Ex
316 1852 396 1910 omni
408 1852 525 1918 mundo,
539 1853 597 1928 quo
606 1853 639 1908 fic
651 1852 784 1908 elementa
793 1852 909 1928 vaporis

258 1931 393 2009 Undique
405 1933 586 2000 conveniunt,
602 1947 628 1988 et
638 1932 673 1989 sic
685 1930 823 2009 conjediue
832 1952 931 1990 eorum

258 2013 399 2081 confluit,
415 2035 450 2071 ex
463 2033 522 2072 uno
531 2013 621 2090 capite
634 2012 681 2070 hic
694 2028 726 2069 ut
739 2012 860 2089 profluat
871 2013 967 2071 ardor.

259 2094 364 2151 Nonne
373 2094 451 2152 vides
463 2095 557 2161 etiam,
572 2112 658 2170 quam
671 2096 722 2150 late
736 2111 838 2168 parvus
848 2091 931 2169 aquai

259 2173 342 2230 Prata
352 2175 425 2250 riget
436 2173 500 2230 fons
513 2174 669 2239 interdum,
685 2171 841 2248 campimue
852 2173 1011 2232 redundet?

259 2248 305 2309 Est
317 2253 400 2309 etiam
409 2272 533 2330 quoque,
548 2254 593 2309 uti
605 2271 771 2328 nonmagna
779 2252 886 2312 solisab
898 2253 961 2330 igni

233 2393 238 2402 Ι
258 2333 335 2388 Aera
350 2333 487 2410 pereipiat
500 2333 598 2389 calidis
610 2332 766 2389 fervoribus
774 2333 867 2400 ardor,
939 2355 941 2360 ·

260 2410 451 2489 Opportunus
464 2408 562 2469 ita'stfi
575 2412 657 2479 forte,
671 2426 699 2469 et
711 2412 829 2470 idoneus
841 2433 898 2482 aer,

260 2490 303 2548 Ue
314 2505 397 2567 queat
408 2491 521 2549 accendi
536 2495 629 2569 parvis
641 2492 788 2550 ardoribus
799 2491 885 2551 icius:

258 2571 347 2650 Quod
358 2590 442 2647 genus
456 2572 597 2629 interdum
606 2572 704 2649 segetes
714 2570 901 2651 stipulamque
913 2573 1043 2632 videmus

256 2652 397 2730 Accipere
410 2672 444 2710 ex
456 2673 511 2709 una
523 2653 640 2710 scintilla
652 2651 782 2710 incendia
793 2652 902 2728 paffim.

257 2730 382 2793 Forum
396 2733 508 2792 etrusca
522 2733 560 2790 sol
574 2734 629 2790 alte
641 2733 770 2809 lampade
782 2733 877 2792 lucem

258 2810 394 2870 Poffideat
409 2814 530 2872 multum
543 2814 620 2870 eaecis
630 2811 786 2870 fervoribus
799 2814 895 2890 ignem

258 2892 376 2949 Circum
386 2893 423 2959 se,
437 2895 520 2950 nullo
532 2894 582 2968 qui
598 2893 630 2948 fit
641 2891 749 2968 fulgore
761 2902 884 2963 notatus,
982 2894 985 2901 ’

258 2970 414 3028 AEstiferum
428 2988 459 3028 ut
473 2986 581 3029 tantum
593 2971 739 3029 radiomm
749 2988 882 3051 exaugeat
893 2973 993 3033 idum.

300 3050 360 3107 Nec
372 3053 443 3108 ratio
457 3051 519 3110 solis
532 3051 660 3128 simplex,
676 3071 727 3108 nec
736 3068 809 3110 certe
822 3053 946 3131 patescit,

257 3132 327 3206 Quo
341 3131 420 3207 pado
433 3131 527 3190 asticis
540 3152 555 3189 e
569 3133 693 3208 partibus
706 3134 861 3210 aegocerotis
893 3134 898 3141 ’

257 3210 412 3268 Brumaleis
423 3211 502 3270 adeat
511 3214 611 3280 flexus,
625 3227 708 3289 atque
717 3212 785 3270 inde
797 3230 938 3273 revertens

256 3290 389 3347 Cancerie
400 3306 432 3349 ut
441 3308 528 3350 vertat
539 3309 625 3348 metas
637 3292 664 3348 se
673 3291 708 3348 ad
720 3291 900 3352 solstitialem:
982 3340 990 3349 ,

256 3370 392 3453 Lunaque
403 3373 539 3433 menibus
552 3373 582 3434 id
596 3371 718 3451 spatium
728 3373 955 3444 videaturobire

935 3458 1039 3516 Annua
