2359 3875
202 384 204 387 ⁵
251 427 447 498 ttnttt
492 420 797 524 uerutus,
863 424 925 510 165

147 557 277 617 Vixdum
287 576 352 614 eum
365 556 430 634 ipsu
443 555 507 614 sunt
517 556 611 613 dentes
623 554 783 631 unguesque
795 552 892 608 creati.

146 640 281 694 Alituum
296 656 381 713 porro
395 656 484 713 genus
497 638 548 693 alie
560 656 642 693 omne
654 635 781 691 videmue'

145 717 251 784 ridere,
266 733 294 774 et
305 738 320 773 t
331 718 431 793 pennis
446 718 595 772 tremulum
608 731 699 790 petere
711 713 890 770 auxiliatum.

144 798 265 855 Proinde
291 812 391 874 putare
413 798 536 872 aliquem
556 811 617 852 tum
649 798 763 851 nomina
791 792 922 849 distribu-

225 876 273 935 isse
336 918 339 924 ,
458 895 460 900 ⁴

145 958 251 1024 Rebus,
267 973 294 1015 et
306 957 374 1013 inde
385 956 514 1015 homines
526 954 652 1013 didicisse
668 956 801 1013 vocabula
814 953 920 1029 primu,

143 1034 318 1113 Desipere'st:
334 1058 400 1095 num
409 1058 460 1094 cur
473 1037 518 1093 hic
534 1037 621 1114 posset
633 1036 731 1093 cunslt
744 1051 840 1091 notate

145 1118 284 1184 Vocibus,
296 1133 322 1173 et
334 1118 428 1174 varios
441 1117 545 1173 sonitus
557 1118 679 1173 emittere
693 1118 807 1191 lingue,

144 1198 285 1273 Tempore
298 1198 395 1254 eodem
407 1198 454 1253 atii
469 1196 555 1254 facere
565 1198 596 1252 id
606 1216 662 1252 non
676 1196 761 1273 quisse
776 1193 929 1270 putentur?

190 1279 337 1345 Praeterea,
352 1278 370 1334 st
384 1277 502 1334 nonalii
515 1296 628 1354 quoquc
640 1277 757 1332 vocibus
767 1275 807 1331 ufi

147 1358 225 1414 Inter
235 1358 261 1413 se
274 1356 402 1415 fuerant:
419 1356 493 1413 unde
508 1357 587 1413 insita
599 1356 711 1411 notities
720 1354 757 1410 est

149 1438 299 1502 Utilitatis,
311 1438 422 1495 etunde
435 1433 531 1494 data'si
545 1436 612 1493 huic
626 1438 719 1512 prime
734 1432 859 1511 potestat,
937 1477 941 1483 .

134 1518 229 1596 ‚Quid
244 1520 338 1585 vellet,
350 1516 447 1583 facere¹
457 1532 487 1573 ut
501 1516 612 1583 scirent,
628 1518 780 1591 animoque
789 1513 935 1572 viderent?

148 1599 257 1675 Cogere
268 1598 337 1654 item
353 1598 459 1673 plureis
473 1617 556 1666 ulnus,
572 1596 708 1671 vietusque
720 1597 833 1654 domare

150 1680 218 1735 Non
233 1693 352 1754 poterat,
366 1698 459 1734 rerum
472 1692 503 1734 ut
517 1677 670 1754 perdiscere
683 1677 797 1733 nomina
810 1677 924 1742 vellent,

150 1760 209 1815 Nec
219 1760 328 1815 ratione
340 1758 439 1813 docere
452 1759 520 1823 ussa,
538 1757 704 1831 suadereque
718 1757 818 1823 surdis,

150 1839 233 1918 Quid
247 1836 316 1895 tatto
329 1835 488 1914 essctopue3
499 1837 594 1894 faciles
607 1857 696 1911 neque
717 1840 791 1894 enim
805 1835 932 1914 peteren-

238 1934 294 1986 tur,

152 2003 214 2058 Nec
229 2001 338 2058 ratione
347 2002 405 2058 ussa
415 2001 464 2057 fibi
475 2000 578 2059 ferrent
592 1999 712 2075 amplius
724 2000 815 2057 aureis

151 2082 242 2139 Vocis
254 2081 285 2137 in
298 2081 408 2138 auditos
420 2082 525 2137 sonitus
537 2081 691 2137 obtundere
704 2079 810 2137 frustra.

196 2161 347 2227 Postremo,
362 2160 433 2238 quid
445 2163 476 2217 in
486 2159 538 2216 hae
551 2160 679 2223 mirabile
689 2175 833 2238 tantopere
846 2159 881 2217 ess
897 2179 936 2227 ce,

155 2243 185 2299 Si
197 2261 284 2318 genus
296 2241 462 2308 humanum,
478 2241 524 2296 cui
537 2260 605 2307 vox,
617 2257 643 2296 ct
653 2241 749 2318 lingua
759 2242 873 2319 vigeret,

153 2323 211 2377 Pro
226 2321 305 2377 vario
315 2321 391 2378 sensu
405 2323 495 2377 variae
509 2340 551 2377 ret
565 2340 633 2377 voce
645 2337 763 2389 notaret,

155 2404 232 2458 Cum
247 2401 364 2477 pecudes
376 2416 470 2466 mute,
485 2421 550 2456 cum
562 2400 684 2475 denique
693 2402 767 2458 saecla
780 2403 901 2461 serarum
945 2442 948 2451 -

155 2479 316 2537 Dissmuseie
327 2480 428 2538 soleant
442 2498 522 2536 vocet
535 2481 676 2556 variasque
690 2484 772 2549 ciere,

157 2564 232 2617 Cum
245 2578 346 2628 metus,
361 2574 408 2618 aut
421 2560 505 2616 dolor
517 2560 565 2627 esi,
581 2575 609 2617 et
618 2579 682 2615 cum
689 2561 748 2638 jam
763 2561 863 2638 gaudia
876 2561 939 2638 glis·

237 2640 328 2697 eunt?

159 2721 280 2796 Quippe
292 2720 395 2777 etenim
409 2721 438 2777 id
452 2720 515 2777 licet
528 2740 542 2777 e
556 2721 637 2776 rebus
649 2722 810 2797 cognoscere
822 2719 947 2797 inpertit.¹

201 2801 320 2858 sturitate
332 2820 431 2857 canum
440 2821 505 2856 cum
520 2802 646 2878 primum
659 2801 759 2877 magna
773 2799 926 2858 Molossum
949 2822 953 2849 :

157 2882 261 2938 Mollia
275 2879 343 2937 cisia
355 2879 475 2936 fremunt
488 2881 573 2937 duros
587 2880 848 2950 nudantiadenteit,

162 2961 258 3036 longe
266 2961 326 3016 aiio
335 2959 426 3016 sonitu
438 2961 513 3016 rabie
522 2959 648 3016 distratta
659 2962 814 3029 minantur,
895 2980 910 2989 '⁴

160 3042 198 3097 Ec
207 3060 272 3098 cum
279 3040 340 3115 jam
348 3041 460 3105 latrant,
475 3055 501 3094 et
513 3041 628 3097 vocibus
640 3044 736 3100 omnin
749 3043 905 3119 complent.
934 3074 938 3085 ·
951 3048 955 3063 '

160 3122 202 3180 At
213 3122 318 3179 catulos
331 3119 431 3177 blande
444 3140 509 3176 eum
522 3121 618 3196 lingua
628 3121 752 3178 lambere
766 3137 896 3189 tentant‚·

138 3219 141 3224 ·
157 3202 219 3257 Aut
231 3201 283 3258 ubi
295 3219 342 3257 eos
349 3198 453 3275 jadiant
465 3201 595 3276 pedibus,
610 3199 757 3277 morsuque
772 3217 904 3278 petentes,

163 3280 300 3357 Suspensi
315 3295 420 3336 teneros
434 3281 582 3337 imitantur
597 3279 727 3338 dentibus
740 3281 862 3350 haustus,

151 3361 262 3438 ‚lunge
274 3360 328 3418 elio
342 3359 419 3437 paeto
426 3361 548 3436 gannitu
559 3359 638 3418 tocie
649 3359 774 3430 adulant,
802 3407 807 3414 .

912 3439 1073 3495 ᾖ·
