2359 3875
119 3400 122 3405 ·
203 3361 472 3424 Confiteorcnliaex
482 3359 842 3422 aliisconstare-clementis.

199 442 242 508 52
345 413 388 486 T.
427 412 815 487 LUCRETII

197 543 356 603 Constitoet
367 545 475 623 fruges:
493 561 521 600 et
532 544 634 602 Bacchi
647 545 764 602 nomine
777 546 859 605 abuti

197 626 319 692 Maron,
335 646 418 702 quam
429 626 516 682 laticis
530 627 680 703 proprium
694 626 819 702 proferre
831 646 984 695 vocamen:

199 707 394 765 Concedamus
407 722 439 763 ut
451 706 498 762 hic
513 722 649 772 terrarum
662 706 769 763 dictitet
781 708 878 765 orbern

197 785 259 842 Elle
272 787 364 843 Deum
374 789 507 853 Matrem,
523 787 590 843 dutn
604 808 706 845 re-non
719 789 751 843 lit
764 803 854 845 tamen
868 789 944 865 apse.

243 868 320 943 Saepe
332 870 426 944 itaque
439 888 473 923 ex
486 887 544 924 nno
559 869 703 925 tondentes
715 870 842 945 gramina
855 888 956 945 campo

197 947 342 1024 Lanigero:
359 949 488 1024 pecudes,
503 964 529 1004 et
540 968 677 1024 equorum
690 949 810 1006 duellica
824 952 929 1025 proles,

196 1028 375 1103 Buceriaeque
391 1047 496 1104 greges,
512 1029 561 1086 lub
574 1030 670 1087 e'odem
691 1030 814 1106 tegmine
827 1031 903 1097 coeli,
926 1065 932 1072 »
978 1056 987 1068 ··

199 1110 243 1164 Ex
259 1129 373 1184 unoque
386 1111 458 1165 sitim
472 1110 592 1167 sedantes
606 1111 722 1167 flumine
734 1110 827 1184 aquai,

197 1190 330 1248 Diffimili
344 1191 448 1248 vivunt
462 1190 566 1266 specie3
591 1191 766 1264 retinentque
783 1205 931 1265 parentum

197 1275 352 1338 Naturam:
370 1287 397 1327 et
410 1291 501 1327 mores
515 1272 667 1347 generatim
681 1290 798 1346 quaequc
812 1273 977 1330 imitantur:
989 1308 997 1342 ·.
1021 1280 1026 1288 '

195 1347 320 1409 Tanta'll
333 1353 364 1409 in
378 1353 479 1429 quovis
495 1372 594 1428 genere
606 1350 697 1408 herbe
711 1353 837 1409 materiai

198 1433 343 1490 Diffimilis
357 1435 441 1490 ratio:
459 1427 565 1489 tanta'll
579 1433 609 1487 in
624 1433 739 1489 llumine
749 1451 871 1507 quoque,

233 1514 696 1589 Jamveroquamvisanimantem
705 1514 880 1569 exomnibus
890 1534 991 1581 unam,

197 1592 275 1658 Ona,
292 1612 386 1658 cruor,
403 1612 492 1658 venae,
509 1593 594 1659 calor,
608 1592 724 1658 humor,
740 1594 853 1659 viscera,
869 1594 952 1651 uerri

198 1672 400 1737 Constituunt3
417 1672 552 1746 quaesunt
565 1692 652 1748 porro
664 1673 793 1730 distantia
801 1675 884 1751 longe

198 1753 332 1809 Dillimili
346 1751 464 1828 perfode
475 1753 564 1828 figura
580 1753 798 1831 principiorum.

240 1834 318 1890 Tum
324 1852 410 1909 porro
415 1852 589 1909 quecunque
597 1835 653 1908 igni
663 1834 801 1890 flammata
808 1850 982 1906 cremantur:

199 1913 230 1972 Si
243 1916 286 1971 nil
297 1929 439 1992 preterea,
456 1928 547 1970 tamen
562 1933 597 1970 ex
609 1914 633 1969 le
646 1934 677 1970 ea
690 1933 810 1990 corpora
822 1916 954 1986 trudunt,

199 1995 286 2054 Unde
298 1996 393 2073 ignem
401 1997 501 2072 jacere,
517 2008 544 2051 et
557 1996 650 2051 lumen
664 1994 835 2051 summittere
847 1997 968 2072 poffint3

121 2116 123 2119 v
198 2076 391 2150 Scintillasque
403 2094 491 2150 agere,
506 2095 537 2132 ac
551 2077 604 2131 late
617 2073 728 2131 differre
740 2074 878 2134 favillam.

198 2158 303 2214 Cetera
316 2155 453 2213 conlimili
466 2155 568 2210 menti-e
582 2157 692 2212 ratione
706 2174 868 2232 peragrant,

201 2238 332 2296 Invenies
344 2239 422 2292 intus
429 2236 583 2292 multarum
596 2234 699 2291 semina
711 2250 806 2292 rerum

203 2320 336 2393 Corpore
346 2317 445 2380 celare,
459 2329 487 2370 et
497 2315 588 2370 varice
601 2314 731 2371 cohibere
745 2319 860 2392 figurae.

242 2394 982 2478 Deniquemultavidenquibusellodonetlaporuna.

199 2477 324 2538 Reddita
332 2476 396 2534 lunt
404 2494 469 2532 cum
482 2473 583 2541 odore:
600 2475 742 2552 imprimis
755 2478 887 2557 pleraque
895 2482 981 2552 dona,

199 2558 361 2634 Relligione
373 2557 502 2614 animum
516 2557 594 2632 turpi
608 2577 673 2612 cum
685 2573 794 2633 tangere
808 2577 906 2636 parto:

200 2642 268 2698 Haec
280 2639 369 2716 igitur
379 2637 461 2694 variis
470 2636 571 2693 debent
584 2637 706 2694 constare
718 2640 826 2714 ligurit.

122 2761 124 2766 -
197 2721 291 2778 Nidor
303 2719 379 2776 enim
390 2733 525 2792 penetrat,
538 2739 594 2793 qua
608 2717 702 2774 succus
715 2721 809 2776 nouit
822 2722 957 2781 inantus:

124 2809 131 2814 ”
200 2803 302 2859 Succus
312 2800 380 2855 item
392 2797 522 2863 seorsum,
535 2814 561 2854 ct
572 2818 666 2854 rerum
680 2798 759 2874 sapor
771 2800 930 2861 insinuatur

201 2880 343 2943 Seulibum
356 2893 388 2946 ut
400 2876 494 2932 noscas
505 2877 606 2952 primis
617 2876 731 2935 differre
743 2880 852 2955 liguris.

199 2958 350 3018 Dissimiles
363 2958 451 3033 igitur
462 2956 558 3013 forme
571 2962 758 3034 glomeramen
771 2963 801 3016 in
814 2981 908 3024 unum

150 3058 153 3063 “
200 3041 399 3100 Conveniunt:
416 3054 446 3094 et
454 3057 497 3094 res
506 3037 638 3114 permisto
650 3039 752 3095 lemine
763 3041 899 3102 constant.
984 3080 988 3085 ·

183 3128 187 3133 ”
208 3137 211 3142 ’
246 3120 412 3197 Quinetiam
432 3117 529 3196 paffim
541 3118 640 3176 nostris
652 3119 683 3175 iu
695 3121 815 3178 veribus
827 3124 893 3200 ipfis

202 3204 299 3262 Multa
307 3203 442 3258 elementa
453 3199 529 3256 vider
543 3199 640 3256 multis
658 3203 820 3260 communia
832 3207 939 3273 verbis:

202 3286 279 3341 Cum
294 3298 385 3339 tamen
397 3281 505 3337 intense
519 3281 621 3341 versus.
634 3298 666 3337 ac
679 3283 762 3339 verba
774 3283 911 3344 nccclle'st

918 3391 989 3505 Noii
