2359 3875
301 421 511 503 arnust-
542 417 850 530 Qur‘uruu
912 369 977 519 441

202 563 387 630 Confirmant,
402 562 519 637 aliisque
531 581 565 618 eu
579 563 661 619 rebus
673 539 787 620 riddere
799 560 905 626 multia,

198 647 383 723 Nequaquam
396 642 478 700 nobie
490 641 631 699 divinitus
643 643 694 699 else
706 657 830 719 paratam

197 727 333 784 Naturam
344 742 450 790 rerum,
466 736 540 779 tanta
553 720 603 778 llat
615 722 732 798 predita
743 723 837 799 culpa.

236 804 400 879 Principio,
415 816 553 877 quantum
565 804 628 859 coeli
644 803 712 878 tegit
723 802 843 879 impetus
855 800 965 878 ingens,

199 886 268 945 Inde
277 884 392 941 avidam
406 896 515 960 partem
528 883 659 949 monteis‚
674 883 800 959 silvaeque
812 880 933 939 ferarum

196 964 348 1032 Pulsedere,
363 975 459 1022 teuent
469 979 565 1037 rupes,
580 962 713 1039 vastaeque
724 961 849 1038 paludes,

198 1048 325 1111 Etruriae,
338 1043 416 1120 quod
426 1044 479 1099 late
493 1057 627 1099 terrarum
640 1042 752 1100 distinet
764 1062 839 1100 oras.

195 1128 261 1185 lude
270 1126 342 1181 duaa
355 1142 443 1200 pono
451 1122 545 1199 prope'
553 1125 654 1200 parteis
666 1121 790 1180 fervidus
799 1122 891 1188 ardor,

197 1203 380 1280 Affiduulque
394 1203 448 1280 geli
458 1202 535 1260 casua
547 1203 713 1260 mortalibus
726 1203 826 1259 aufert.

197 1286 283 1367 Quod
293 1285 410 1360 luperell
420 1284 493 1349 arvi,
509 1297 600 1340 umen
611 1283 642 1340 id
655 1298 754 1340 natura
764 1283 810 1340 sua
821 1283 851 1339 vi

197 1367 325 1425 Sentibus
338 1364 470 1429 obducat,
481 1364 511 1420 ni
526 1364 568 1420 vii
582 1362 706 1421 humana
718 1362 828 1429 relillat‚

195 1447 271 1505 vitai
285 1444 366 1503 caula
378 1443 614 1515 validoconlueta
622 1444 731 1501 bidenti
742 1479 744 1483 -

197 1528 353 1604 ingemere,
367 1539 395 1581 et
409 1539 509 1581 terram
524 1523 620 1600 preliis
630 1523 807 1601 proscindere
819 1522 928 1581 aratris.

199 1608 224 1664 si
234 1627 293 1663 non
303 1604 445 1663 foecundat
459 1617 595 1661 vertentes
607 1624 718 1663 vomere
731 1606 832 1681 glebas,

199 1685 443 1761 Terraiquesolum
453 1683 608 1760 subigentes
617 1684 706 1741 cimus
718 1685 754 1742 ad
767 1702 864 1753 ortus;

142 1811 147 1826 .
199 1770 302 1845 Sponte
315 1765 364 1822 sua
375 1777 515 1840 nequeant
527 1763 648 1841 liquidas
661 1764 774 1822 existere
788 1767 818 1823 iu
831 1786 922 1825 auras.

199 1849 239 1905 Et·
245 1862 339 1905 tamen
351 1844 494 1904 interdum
507 1862 609 1922 magno
622 1846 729 1923 qualita
739 1847 843 1915 labore,

201 1932 273 1988 Cum
281 1928 343 2006 jam
356 1945 405 2003 per
415 1923 651 1998 terratfgondent,
667 1942 747 2003 atque
756 1928 852 1984 omnia
866 1927 976 1992 florent;

201 2012 260 2068 Aut
271 2005 369 2067 nimiis
382 2020 467 2063 torret
478 2004 634 2063 fervoribus
648 2007 775 2063 atherius
788 2008 839 2073 lol,

201 2089 258 2147 Aut
271 2089 356 2145 lubiti
371 2086 515 2163 perimunt
527 2086 638 2154 imbres,
654 2086 805 2163 gelidaque
817 2087 936 2165 pruine,

200 2171 349 2243 Flabraque
363 2181 510 2224 ventorum
520 2167 642 2224 violento
658 2167 769 2223 turbine
782 2180 898 2224 vexant.

247 2250 381 2306 Praeterea
394 2264 479 2323 genua
492 2246 660 2304 horriferum
673 2262 772 2303 natura
783 2247 915 2314 ferarum.

204 2329 339 2387 Humana
353 2328 429 2404 genti
442 2325 582 2392 infestum,
599 2342 725 2403 terraque
738 2329 873 2406 marique,

203 2411 260 2468 Cur
273 2408 334 2473 alit,
349 2420 431 2483 atque
440 2406 541 2483 auget?
555 2427 605 2463 cur
616 2409 684 2464 anni
699 2425 823 2486 tempora
836 2411 947 2468 morbos

203 2487 387 2567 Apportant?
400 2506 570 2562 quare-mors
582 2487 732 2545 immatura
743 2491 879 2567 vagatur?

240 2571 320 2627 Tum
334 2586 419 2645 porro
433 2587 515 2643 puer¹
531 2582 562 2623 ut
574 2568 648 2624 levis
658 2568 794 2646 projellus
806 2571 938 2627 abundis

179 2654 182 2659 ’
201 2649 312 2715 Navita,
326 2646 513 2704 nudusbumi
521 2649 604 2724 jacet,
620 2648 722 2713 infans,
731 2648 850 2725 'indigus
859 2650 937 2705 omni

203 2729 288 2787 Vitali
298 2729 419 2794 auxilio,
435 2744 500 2784 cum
513 2727 640 2805 primum
651 2729 681 2784 in
695 2729 813 2785 luminis
825 2749 886 2786 oran

202 2810 321 2867 Nixibus
333 2828 368 2866 ex
377 2810 440 2864 alvo
452 2809 548 2864 matris
561 2822 661 2866 natura
674 2807 817 2884 pmfudit3

203 2889 361 2967 Vagituque
374 2891 468 2946 locum
482 2888 596 2964 lugubri
609 2890 741 2964 complet,
756 2905 789 2946 ut
801 2887 956 2968 aequum'st.

202 2971 255 3028 Cui
270 2985 379 3028 tantum
393 2970 423 3025 in
437 2969 490 3024 vita
504 2968 580 3024 restet
595 2970 705 3025 tranlire
718 2973 866 3030 malorum.

202 3053 240 3108 At
252 3051 336 3108 varia
345 3049 471 3107 crescunt
481 3048 612 3124 pecudes,
626 3066 760 3117 armenta,
772 3052 906 3130 feraeque:

202 3131 257 3188 Nec
277 3130 447 3268 cbrquaqula
459 3129 497 3184 eis
515 3125 584 3221 opu'
607 3130 679 3197 lunt,
694 3151 744 3186 nec
756 3133 888 3210 cuiquam
899 3133 980 3192 adhi-

301 3230 335 3267 eu

202 3291 292 3350 Alma
305 3289 424 3348 nutricis
437 3290 535 3347 blanda
545 3305 626 3365 atque
640 3290 754 3350 inlralla
764 3296 889 3371 loquela:
916 3268 918 3273 Ι

202 3372 259 3431 Nec
272 3371 363 3433 varias
375 3385 501 3446 quarunt
513 3370 609 3430 vesteis
619 3390 673 3449 pro
687 3388 809 3453 tempore
822 3379 895 3435 coeli.

580 3451 607 3508 Ν
853 3455 988 3531 benique
