2359 3875
217 438 281 509 166
372 434 413 504 T.
454 430 841 505 LUCRETII

129 595 134 607 ι
212 564 322 621 Etcum
334 563 433 621 deserti
447 565 606 621 baubantur
618 564 650 619 in
663 562 779 629 edibus,
790 578 839 620 aut
851 583 919 621 cuna

211 645 355 701 Plorantes
366 643 480 721 fugiunt
491 643 632 702 lummiffo
642 662 757 719 corpore
769 644 877 720 plagas.
890 687 895 693 -

254 725 383 797 Denique
395 746 454 782 non
466 723 594 783 hinnitus
607 726 673 782 item
685 721 798 780 differre
811 724 937 789 videtur,

211 805 292 861 Inter
303 825 385 879 equas
398 805 447 862 ubi
460 825 548 879 equus
561 805 672 862 florenti
685 818 762 860 etate
765 804 907 879 juvencus

210 883 360 961 Pinnigeri
373 884 449 941 saevit
459 886 612 942 calcaribus
624 883 693 941 icius
705 883 817 951 amoris,
906 935 923 946 ,.

210 965 247 1019 Et
260 965 404 1022 fremitum
418 967 521 1041 patulis
534 965 584 1022 sub
597 964 713 1022 naribus
725 965 785 1020 edit
798 964 933 1034 adama,

208 1044 327 1101 Aecum
340 1046 372 1101 fis
384 1046 449 1102 alias
462 1045 595 1102 concuflis
607 1045 723 1102 artubus
735 1043 854 1101 hinnit?

253 1125 405 1193 Postremo,
420 1146 507 1204 genus
518 1127 650 1193 alituum,
663 1125 950 1199 variaquevolucres,
991 1129 994 1142 ¹

209 1206 378 1282 Accipitres‚
390 1221 473 1281 atque
485 1205 628 1282 offifragae‚
643 1205 787 1282 mergique
796 1207 915 1265 marinis

211 1286 352 1343 Fluclibus
366 1286 396 1343 in
406 1285 475 1344 saliis
489 1285 595 1343 vibium
606 1286 748 1362 vitamque
763 1300 900 1361 petentes,

210 1365 309 1443 Longe
323 1367 388 1423 alias
400 1369 456 1426 alio
464 1367 573 1443 jaciunt
587 1367 619 1425 in
633 1382 757 1440 tempore
769 1386 867 1433 vocem

206 1448 244 1503 Et
256 1469 321 1505 cum
333 1449 368 1504 de
381 1446 456 1504 vitiu
467 1462 582 1513 certant,
598 1447 745 1523 praedaque
759 1466 930 1523 repugnant.

208 1530 244 1585 Et
255 1528 358 1603 partim
372 1542 483 1584 mutant
496 1548 559 1584 cum
574 1526 777 1604 tempestatibus
790 1548 847 1585 una

208 1608 382 1665 Raucilonos
395 1623 503 1674 cantus,
515 1608 703 1664 cornicum-ut
717 1607 790 1664 saecla
803 1608 920 1679 vetusta,

206 1690 423 1764 Corvorumque
435 1708 539 1765 greges,
552 1688 601 1745 ubi
621 1709 723 1766 aquam
741 1687 921 1749 dicunturet
939 1692 993 1748 im-

287 1767 358 1825 breis

206 1848 329 1916 Poscere,
346 1864 373 1905 et
384 1848 527 1906 interdurn
540 1864 638 1905 ventos
649 1849 781 1925 aurasque
794 1871 905 1909 vocare.

205 1930 292 2008 Erg0‚
308 1929 326 1986 li
340 1930 410 1987 varii
424 1930 514 1988 sensus
523 1930 653 1988 animalia
667 1947 782 2006 cogunt,

204 2012 287 2068 Muta
301 2027 389 2069 tamen
404 2032 468 2070 cum
482 2012 545 2077 fiat,
560 2013 649 2068 varias
661 2015 787 2068 emittere
797 2032 895 2070 voces:
919 2058 922 2066 .

205 2093 322 2168 Quanto
335 2093 475 2151 mortaleis
488 2093 576 2168 magis
586 2087 731 2165 aquum'st
744 2107 804 2148 tum
816 2092 937 2169 potuille

203 2171 366 2230 Diffimileis
378 2175 431 2229 alia
444 2187 526 2247 atque
538 2173 592 2228 alia
605 2191 648 2226 res
662 2191 729 2228 voce
741 2173 862 2229 notare?

248 2252 324 2309 lllud
336 2253 367 2307 in
381 2251 424 2309 his
436 2253 519 2308 rebus
532 2254 676 2309 taciturne
689 2250 759 2308 forte
772 2253 913 2328 requiras:

201 2333 318 2388 Fulmen
331 2331 432 2387 detulit
444 2332 476 2387 in
490 2348 574 2388 terras
587 2332 750 2387 mortalibus
763 2333 860 2408 ignem

201 2413 350 2468 Primitus:
361 2411 427 2469 inde
437 2413 528 2468 omnis
542 2413 715 2470 flammarum
728 2412 838 2469 diditur
847 2413 944 2471 ardor.

199 2493 291 2549 Multa
303 2491 431 2549 videmus
440 2494 515 2548 enim
526 2491 677 2549 coelestibus
690 2492 778 2548 incita
792 2493 915 2551 flammis

201 2573 329 2650 Fulgore,
342 2593 407 2630 cum
418 2574 481 2629 coeli
491 2573 610 2630 donavit
621 2573 703 2648 plaga
715 2592 844 2648 vapores.

200 2653 237 2708 Et
249 2653 355 2710 ramola
370 2667 459 2710 tamen
473 2674 538 2710 cum
549 2652 640 2708 ventis
654 2652 731 2727 pulsa
743 2654 876 2711 vacillans

200 2732 302 2791 AElluat
315 2733 346 2790 in
360 2753 451 2791 minos
463 2733 628 2790 incumbens
641 2733 749 2788 arboris
757 2733 862 2800 arbor„

197 2814 379 2890 Exprimitur
392 2813 494 2871 validis
507 2813 625 2868 extritus
638 2812 746 2867 viribus
758 2811 845 2888 ignis:

199 2895 235 2949 Et
249 2894 333 2948 micat
342 2892 483 2949 interdum
497 2892 620 2948 flammai
633 2891 758 2948 fervidus
771 2893 877 2961 ardor,¹
916 2938 918 2943 .
996 2900 1004 2904 “

199 2974 302 3030 Mutua
314 2972 384 3030 dum
395 2973 471 3029 inter
481 2972 592 3028 serami
607 2970 758 3048 stirpesque
772 2988 920 3033 teruntur:
979 3018 982 3023 .

199 3054 333 3130 Quorum
343 3051 600 3128 utrumquedediile
609 3051 694 3126 potest
700 3053 865 3110 mortalibus
875 3055 982 3131 ignem.

241 3131 312 3189 Inde
322 3132 418 3191 cibum
432 3152 561 3208 coquere,
573 3152 605 3190 ac
617 3131 733 3188 flamma
746 3133 858 3191 mollire
870 3154 977 3213 vapore
995 3131 998 3136 ’

196 3212 362 3280 sudomir,
377 3215 512 3289 quoniam
525 3213 666 3269 mitescere
680 3214 770 3269 multa
782 3213 915 3272 videbant
993 3254 997 3261 -

199 3293 373 3360 Verberibus
387 3294 542 3360 radiorum,
552 3307 636 3368 atque
649 3292 712 3349 aestu
725 3292 798 3350 vicia
812 3312 864 3372 per
876 3314 970 3372 agros.

151 3424 154 3427 .
195 3377 288 3454 inque
301 3373 359 3433 dies
371 3375 459 3453 magis
471 3373 502 3434 hi
515 3371 619 3434 vibium
628 3374 772 3450 vitamque
784 3379 912 3452 priorem

795 3456 979 3516 commutare
