2359 3875
198 426 247 497 54
358 402 826 476 actionarii

196 537 327 614 Corpora
340 537 499 613 sejungunt,
511 535 554 591 sed
569 551 663 603 terras,
678 556 707 594 ae
721 557 797 593 mare
811 552 901 595 totum

197 616 361 681 Secernunt,
377 618 531 691 coelumque
544 637 560 672 a
572 617 651 673 terris
664 636 749 674 omne
760 633 911 676 retentant.

241 695 326 751 Nunc
338 715 398 772 age,
413 695 485 752 dieta
498 714 559 751 meo
571 695 647 752 dulci
660 698 770 772 quaefita
779 700 873 754 labore

196 776 332 851 Percipe:
348 794 384 830 ne
394 775 464 831 forte
477 775 534 830 hec
547 777 617 831 albis
630 797 664 833 cx
678 780 739 833 alba
752 779 836 834 rearis

197 855 355 932 Principiis
369 854 429 921 effe,
446 870 509 911 ante
521 857 614 911 oeulos
627 876 688 930 quae
700 857 817 913 candida
830 858 936 914 centisr

197 937 260 994 Aut
272 956 313 1002 ea,
328 955 389 1010 quae
401 936 528 1011 nigrant,
539 936 622 1011 nigro
635 937 670 992 de
680 937 781 993 senrine
791 954 870 995 natat

197 1018 277 1073 Neve
290 1016 378 1073 alium
391 1015 520 1090 quemvis
531 1033 592 1089 quae
606 1016 667 1071 sunt
680 1016 780 1073 induta
793 1020 927 1085 colorem,

180 1132 183 1137 -
196 1098 350 1173 Propterea
363 1114 453 1172 gerere
465 1093 542 1152 hunc
554 1096 659 1162 eredas,
674 1096 751 1171 quod
764 1098 888 1154 materiai

198 1178 259 1233 Cor
282 1174 475 1233 ora'coniimili
488 1174 539 1230 {int
551 1177 609 1251 ejus
623 1175 706 1231 tinda
719 1178 826 1232 colore:

197 1197 302 1314 Nuliirs
312 1257 387 1313 enim
401 1257 480 1313 color
489 1254 524 1311 est
537 1256 655 1312 omnino
667 1256 790 1311 materiai

199 1338 486 1414 Corporibus,neque
494 1357 545 1413 par
552 1337 740 1409 rebus,neque
748 1335 977 1412 deniquedispar.

245 1419 281 1474 In
294 1439 353 1492 quae
365 1436 482 1492 corpora
496 1417 513 1471 fi
528 1417 623 1472 nullus
636 1416 688 1471 tibi
701 1414 771 1472 forte
784 1417 896 1474 videtur

198 1494 277 1553 Poffe
289 1497 379 1554 animi
392 1495 508 1573 injestus
521 1496 592 1562 fieri,
607 1497 707 1572 procul
720 1497 799 1553 avius
812 1517 897 1554 erras.

199 1578 274 1633 Nam¹
288 1597 352 1633 cum
365 1576 505 1652 eaecigeni,
524 1574 585 1631 solis
600 1576 650 1652 qui
662 1576 769 1633 lumina
781 1597 927 1653 nunquam

197 1657 351 1732 Aspexere,
367 1670 456 1711 tamen
478 1655 643 1732 cognoscant
655 1676 772 1731 corpora
785 1657 868 1727 tadu,

199 1737 370 1793 Ere-ineunte
384 1756 453 1802 aro,
467 1738 547 1793 nullo
559 1736 699 1793 continda
713 1738 818 1793 colore:

198 1816 273 1872 Scire
281 1818 355 1883 licet,
371 1817 458 1872 menti
472 1834 583 1890 quoque
596 1816 692 1873 nostra
705 1837 823 1892 corpora
836 1817 913 1896 poffe

201 1896 285 1953 Verti
299 1897 328 1953 in
342 1897 470 1971 notitiam
484 1897 564 1955 nullo
574 1894 731 1956 circumlita
739 1896 819 1954 fuco.
872 1925 875 1933 ·

198 1977 329 2053 Denique
342 1997 392 2033 nos
401 1978 451 2054 ipfi
465 1978 542 2034 caecis
550 1993 724 2054 quacunque
737 1979 859 2035 tenebris

197 2058 365 2136 Tangimus,
379 2057 455 2114 haud
469 2059 528 2114 ullo
543 2059 672 2114 sentimus
686 2057 769 2114 tint'ta
781 2060 884 2116 colore.

245 2138 332 2216 Quod
345 2139 478 2212 quoniam
491 2139 575 2194 vinco
588 2139 661 2204 fieri,
676 2159 752 2195 nunc
764 2138 815 2194 effe
827 2139 947 2198 docebo.

201 2218 391 2291 Omnis-enim
402 2220 479 2275 color
491 2219 610 2274 omnino
621 2233 748 2274 mutatur
756 2219 787 2274 in
800 2224 922 2278 omneis:

199 2299 288 2376 Quod
300 2296 386 2353 facere
399 2296 475 2353 haud
490 2298 548 2353 ulio
561 2298 662 2353 debent
671 2299 829 2373 primordia
843 2300 936 2374 padio.

137 2420 140 2429 .
201 2377 379 2434 Immutabile
393 2378 467 2432 enim
482 2377 617 2452 quiddam
630 2377 755 2453 superare
767 2377 919 2447 necelse'st;

198 2460 244 2515 Ne
258 2477 299 2512 res
311 2454 346 2512 ad
358 2456 482 2513 nihilum
496 2457 658 2533 redigantur
670 2456 797 2515 funditus
814 2479 940 2516 omnes.'
961 2524 964 2529 ,

199 2541 274 2595 Nam
288 2534 474 2612 quodcunque
483 2537 537 2593 suis
547 2553 685 2594 mutatum
699 2539 802 2594 finibus
815 2541 886 2607 exit,

200 2619 346 2675 Continuo
358 2615 411 2674 hoc
426 2637 500 2675 mors
514 2616 550 2674 est
564 2619 651 2683 illius,
667 2617 807 2691 quodfuit
817 2636 890 2676 ante.

200 2698 324 2757 Proinde
336 2698 428 2754 colore
441 2718 505 2754 cave
519 2699 663 2774 contingas
676 2697 776 2755 semina
789 2719 899 2758 rerum:

201 2781 245 2838 Ne
260 2778 312 2835 tibi
325 2796 366 2831 res
376 2777 487 2833 redeant
499 2777 533 2833 ad
545 2778 638 2833 nilum
651 2777 778 2834 funditus
790 2797 898 2836 omnes.

245 2860 387 2921 Praetcrea,
402 2857 420 2911 fi
433 2858 512 2913 nulla
523 2857 624 2912 coloris
637 2857 787 2932 principiis
800 2857 835 2913 est

201 2937 324 2996 Reddita
338 2953 453 3000 natura3
471 2952 499 2991 at
510 2935 593 2993 variis
607 2936 669 2992 sunt
679 2937 794 3013 predita
807 2936 916 3006 formis,

201 3020 225 3075 E
238 3016 341 3092 quibus
354 3016 518 3092 omnigenos
532 3017 666 3093 gignunt,
682 3018 848 3092 variantque
860 3021 977 3077 coloret.

201 3099 347 3159 Praeter,
362 3095 456 3171 magni
465 3095 541 3172 quod
552 3094 643 3162 refert,
654 3095 759 3153 semina
768 3116 882 3174 quaeque

170 3229 173 3234 .
203 3181 280 3235 Cum
293 3175 408 3250 quibus,
423 3192 449 3231 et
462 3175 539 3251 quali
552 3176 673 3251 positura
686 3177 894 3248 contineantur,

204 3260 241 3314 Et
251 3273 324 3332 quos
331 3253 405 3311 inter
413 3254 437 3311 se
450 3256 633 3321 drutmarus,
648 3256 854 3334 accipiantque:

203 3335 334 3398 Perfacile
347 3338 485 3416 extemplo
499 3335 636 3397 rationem
649 3335 761 3398 reddere
772 3337 868 3418 poffis,

300 3436 304 3441 ·
922 3419 985 3478 Cur
