2359 3875
319 405 514 492 ιιίιιιι
554 419 823 494 saxrva.
905 448 967 516 19⁵

185 547 299 607 Omnia
312 569 375 626 qua
387 550 487 618 maria,
500 570 532 610 ac
546 566 631 609 terras
645 552 847 631 sparguntque,
864 552 970 629 rigant·

315 651 381 707 que.

186 708 270 766 Adde
283 709 343 768 suos
354 709 469 773 fonteia:
487 731 577 773 tamen
590 713 624 770 ad
638 712 722 769 maria
730 713 826 771 omnia
836 712 972 771 summam

185 789 327 846 Guttai
301 812 350 848 vix
363 795 448 854 instar
459 809 543 853 erunt
553 793 638 850 unius
652 793 687 849 ad
700 813 840 869 augmen.

186 870 257 947 Quo
265 871 399 933 minuaest
409 874 824 949 mirum‚marenonaugescere
835 892 980 949 maguum.

232 950 383 1022 Praeterea,
398 976 526 1033 magnam
540 954 580 1010 sol
595 970 701 1029 partem
715 952 835 1014 detrahit
849 952 925 1009 astu.

188 1030 307 1108 Quippe
320 1032 450 1093 videmus
468 1037 544 1092 enim
556 1034 650 1091 vesteis
663 1031 779 1089 humore
792 1033 944 1091 madenteia

188 1109 329 1167 Exsiccata
342 1116 398 1172 suia
411 1115 496 1172 radiis
508 1115 670 1173 ardentibus
682 1113 776 1170 solem.

188 1191 231 1247 At
242 1192 340 1267 pelage
350 1197 450 1263 multa,
465 1212 492 1252 et
502 1197 554 1252 late
566 1193 698 1250 subssrata
712 1193 851 1250 videmus.

188 1270 310 1328 Proinde
324 1274 524 1351 licetquamvia
538 1296 574 1331 ex
583 1293 766 1349 unoquoque
780 1275 839 1329 loco
851 1274 891 1329 sol

189 1350 327 1408 Humoria
342 1375 456 1432 parvam
469 1356 572 1412 delibet
584 1356 619 1410 ab
633 1373 742 1431 aequore
757 1368 883 1428 partem,

191 1430 336 1507 largiter
328 1455 358 1491 ιιι
374 1434 544 1511 tantospatio
559 1432 760 1490 tamenauferet
774 1431 866 1488 undis

231 1513 310 1570 Tum
320 1534 406 1591 porro
413 1530 489 1573 venti
497 1534 627 1590 magnam
635 1533 746 1589 quoque
760 1514 852 1569 tollere
866 1530 973 1592 partem

190 1593 329 1650 Humoria
343 1595 455 1670 possunt
467 1611 605 1652 verrentes
616 1613 724 1669 aequora
736 1595 834 1669 ponti.

190 1675 256 1731 Una
268 1674 388 1730 node'
362 1695 420 1731 iias
432 1677 566 1749 quoniam
581 1674 700 1749 persepe
712 1674 840 1731 videmus

188 1754 304 1819 siccari,
321 1754 466 1830 mollisque
476 1757 529 1811 luti
542 1754 711 1811 eonciescere
725 1753 838 1811 crustas.

233 1835 378 1902 Praeterea,
391 1834 475 1891 docui
485 1837 607 1890 multum
620 1854 732 1910 quoque
746 1836 841 1891 tollere
852 1837 952 1893 nubeia

188 1915 347 1971 Humorem
361 1934 462 1991 magno
476 1930 644 1991 conceptum
656 1934 690 1972 ex
701 1935 808 1990 aequore
821 1917 915 1991 ponti,

189 1996 226 2050 Et
240 1995 335 2070 paffim
349 2010 407 2051 toto
422 2010 556 2053 terrarum
569 1995 731 2071 spargerein
743 1997 821 2060 orbe,

157 2090 162 2095 '
189 2075 265 2131 Cum
279 2077 355 2150 pluit
368 2077 399 2130 in
413 2075 503 2140 terris,
518 2092 542 2129 et
557 2077 634 2131 venti
646 2076 743 2132 nubila
758 2090 886 2153 portant.

233 2153 384 2222 Postremo,
398 2156 532 2230 quoniam
546 2177 608 2212 raro
619 2175 682 2212 cum
697 2174 815 2232 corpore
829 2158 909 2214 tellus

190 2233 247 2300 Est,
262 2251 290 2290 et
302 2236 458 2310 conjundas
471 2254 531 2291 oras
544 2236 628 2293 maris
642 2236 766 2310 undique
776 2236 878 2312 cingit3

191 2314 291 2380 Debet,
303 2330 335 2370 ut
346 2317 377 2370 in
391 2336 465 2372 mare
477 2316 512 2372 de
525 2316 606 2370 terris
617 2317 693 2371 venit
703 2316 805 2372 humor
814 2319 908 2394 aquai,

192 2395 229 2450 In
239 2409 323 2451 terras
336 2395 435 2451 itidem
449 2415 559 2451 manare
571 2416 606 2452 ex
620 2416 728 2471 aequore
737 2397 824 2455 salso:

189 2475 353 2531 Percolatur
366 2476 442 2530 enim
455 2477 546 2540 virus,
564 2492 692 2554 retroque
706 2492 830 2535 remanat

190 2555 322 2613 Materies
335 2555 473 2620 humoris,
489 2571 515 2612 et
528 2556 561 2612 ad
577 2572 661 2631 caput
671 2558 800 2614 amnibus
811 2561 904 2615 omnia

191 2635 336 2691 Confluit:
361 2635 426 2691 inde
437 2636 519 2711 [uper
533 2652 616 2692 terras
626 2636 697 2692 redit
709 2635 817 2711 agmine
829 2638 918 2704 dulci,

192 2715 259 2789 Qua
273 2716 319 2771 via
332 2714 398 2772 seda
411 2716 494 2772 semel
506 2717 617 2791 liquido
632 2715 701 2790 pede
715 2716 815 2772 detulit
828 2717 928 2774 undas.

235 2797 263 2850 N
267 2815 320 2850 unc
334 2797 405 2852 ratio
414 2815 474 2871 quae
487 2795 528 2863 fit,
546 2816 596 2872 per
606 2794 706 2851 fauceis
716 2797 819 2854 montis
831 2812 862 2853 ut
877 2796 963 2854 AEtnae

192 2875 342 2952 Exspirent
356 2876 433 2952 ignes
447 2876 590 2932 interdum
603 2877 714 2932 turbine
729 2889 815 2945 tanto,

191 2955 366 3031 Expediam:
388 2974 478 3030 neque
490 2955 565 3012 enim
579 2957 670 3012 media
679 2957 713 3013 de
722 2958 798 3015 clade
811 2976 907 3017 coorta

192 3037 324 3092 Flammae
337 3035 478 3110 tempestas
490 3036 617 3093 Siculum
630 3036 775 3095 dominata
787 3059 838 3116 per
849 3059 931 3118 agros

194 3115 333 3171 Finitimis
345 3114 380 3171 ad
393 3114 417 3171 l'e
429 3117 566 3172 convertit
576 3117 716 3208 gentibue·
718 3137 778 3185 ora,

193 3195 311 3252 Fumida
326 3214 391 3251 cum
405 3196 467 3254 coeli
480 3196 627 3254 scintillare
638 3195 735 3252 omnia
748 3201 854 3277 templa

195 3276 348 3333 Cernentes
363 3274 462 3351 pavida
475 3278 652 3354 complebant
661 3274 770 3351 pedion
782 3300 860 3350 cura,

195 3356 276 3434 Quid
287 3355 435 3445 moliretur
452 3376 547 3421 retum
560 3371 659 3417 natura
672 3374 823 3442 aevaeum.
896 3438 955 3501 HT

928 3462 938 3500 ι
951 3459 981 3501 ee
