2359 3875
289 445 491 517 araur
528 442 822 546 quintus,
905 446 970 539 ιιι

188 579 371 654 Setigerilque
383 599 461 653 pares
475 578 570 636 suibus
584 578 721 657 sylvestria
729 571 859 636 membra
912 593 916 598 ·
957 591 960 598 ·

187 660 272 714 Nuda
286 659 388 732 dabant
401 673 480 715 terne
490 659 629 716 nollurno
643 675 770 734 ternpore
783 656 871 734 capti,
953 669 967 740 '3

188 741 304 794 Circum
319 740 342 793 se
351 739 429 793 loliis
442 760 473 794 ac
483 739 634 796 frondibus
646 740 832 796 involventes.

188 819 473 895 Nccplangorediem
486 838 598 895 magno
615 819 753 899 solemque
766 838 816 895 per
828 831 908 891 agros
959 813 962 820 ’

189 901 359 973 Quaerebant
372 899 481 973 paridi
499 902 620 974 palantes
633 893 740 956 nollit
734 919 763 954 ιιι
774 897 896 955 umbriae
950 931 954 938 ·

189 980 241 1035 Sed
254 980 327 1034 taciti
342 978 537 1052 respedlabant‚
554 980 705 1054 somnoque
718 978 863 1055 sepulti,-

182 1060 264 1123 Dum
279 1058 353 1115 rosea
367 1058 423 1113 lace
437 1059 475 1113 sol
489 1059 602 1115 inferret
616 1061 724 1115 lumina
737 1060 816 1115 caelu.
903 1110 918 1123 N

187 1140 215 1194 A
230 1139 323 1215 parvis
336 1137 412 1211 quod
424 1138 499 1193 enirn
511 1138 675 1200 consuerant
686 1159 797 1195 cernere
809 1140 915 1215 semper
955 1132 961 1150 ⁵

188 1220 308 1274 Alterno
323 1219 455 1280 tenebras,
470 1234 497 1274 et
509 1221 597 1275 lucem
611 1234 737 1295 tempore
749 1219 840 1294 gigni,
892 1230 895 1234 '

187 1302 256 1355 Non
270 1312 338 1363 erat,
351 1313 382 1353 ut
395 1299 454 1353 lieri
469 1299 566 1374 pollet,
584 1300 714 1355 mirarier
727 1306 864 1373 unquam,
964 1368 968 1374 ἡ

188 1381 247 1434 Nec
260 1378 396 1443 diffidere,
413 1398 447 1433 ne
462 1394 546 1434 terras
560 1394 659 1434 aeterna
675 1393 778 1434 teneret

188 1460 268 1524 Nox,
281 1460 310 1512 in
327 1471 492 1533 perpetuum
506 1458 628 1514 detradlo
642 1460 749 1515 lumine
763 1458 837 1514 solis.

188 1539 239 1595 Sed
255 1540 341 1613 magis
354 1538 426 1594 illud
441 1553 497 1602 erat
507 1538 588 1604 cura
605 1539 682 1616 quod
697 1540 770 1596 saeta
783 1538 906 1595 ferarum
1064 1604 1066 1609 Ι

190 1618 319 1673 Infestarn
333 1618 442 1676 miseris
456 1618 591 1676 faciebant
605 1620 672 1693 laepe
686 1621 824 1693 quietem:
957 1622 961 1628 '

188 1698 329 1781 Ejeclique
340 1698 424 1752 domo
437 1697 579 1774 fugiebant
590 1699 668 1755 saxea
683 1700 749 1756 teda

189 1770 306 1854 Setigeri
321 1778 374 1833 luis
388 1778 519 1844 adventu,
535 1780 676 1853 validique
690 1782 789 1847 leonia,

188 1862 284 1935 Atque
296 1857 456 1932 intempella
470 1859 602 1914 cedebant
615 1859 695 1915 nolle
705 1874 836 1936 paventes

188 1940 373 2030 Hospitibus.
371 1939 444 1993 savis
458 1939 567 1998 inllrata
579 1941 683 1995 cubilia
695 1941 806 1997 fronde.

232 2021 291 2073 Nec
303 2019 394 2073 nimio
405 2034 464 2074 tuni
476 2022 549 2093 plus,
563 2039 646 2093 quam
660 2040 746 2085 nunc
761 2023 889 2078 mortalia
896 2019 971 2079 saecla

188 2098 287 2156 Dulcia
302 2099 465 2173 linquebant
478 2100 595 2154 labentis
609 2101 716 2155 lumina
728 2102 811 2156 vilae.

191 2181 272 2237 Unus
285 2180 430 2232 enimcum
443 2180 559 2252 quilque
571 2179 658 2255 tnagis
672 2180 820 2255 deprensus
833 2200 964 2238 eorum

190 2258 339 2316 Pabula
312 2279 376 2313 vtva
389 2257 453 2313 lenis
473 2260 609 2333 praebebat
622 2260 885 2327 denuntiabantur,

189 2341 224 2395 Et
237 2356 351 2397 nemora
363 2357 394 2415 ac
405 2340 523 2394 mouteis
537 2339 653 2414 gemitu,
669 2340 813 2417 sylvasque
826 2341 961 2418 replebat,

190 2421 268 2476 Viva
278 2418 377 2474 videns
390 2420 457 2473 vivo
472 2418 582 2493 sepeliri
597 2419 699 2475 viscera
713 2420 803 2476 bullo.

188 2503 229 2556 At
241 2518 311 2575 quos
320 2495 455 2575 effugium
467 2498 596 2563 servarat,
611 2518 729 2574 corpore
739 2500 833 2567 adelo,

190 2580 325 2639 Posterius
341 2578 468 2632 tremulas
482 2578 566 2653 lnper
578 2580 669 2634 ulcera
684 2594 751 2634 tetra
767 2593 886 2636 tenentes

191 2660 308 2723 Palmat,
324 2655 470 2712 horriferis
483 2659 609 2712 accibant
622 2659 738 2714 vocibus
752 2658 875 2726 Orcum,

190 2739 362 2796 Donicum
349 2756 394 2792 eoa
406 2739 464 2792 vita
481 2739 630 2813 privarunt
643 2739 767 2794 vermina
778 2739 856 2804 seva,
948 2808 951 2815 Ι

189 2816 338 2931 ΙΕιιριιιῐιίε
350 2819 427 2892 opis,
442 2817 554 2911 ignaros
566 2817 637 2892 quid
650 2820 764 2874 volnera
779 2821 894 2875 vellent.
960 2842 963 2849 ·

189 2902 275 2955 At
287 2914 345 2953 non
358 2898 481 2952 multa
455 2903 548 2954 virum
559 2896 608 2952 lub
622 2898 704 2974 fignir
717 2900 805 2955 millia
812 2898 899 2955 duda

192 2976 257 3036 Una
270 2980 330 3035 drea
342 2977 424 3033 dabat
437 2993 541 3032 exitio
564 2997 615 3033 nec
629 2980 744 3035 turbida
752 2994 835 3056 ponti
884 2980 888 2987 ’
958 2964 967 3053 j

192 3061 314 3134 AEquora
326 3059 458 3114 laedebant
470 3077 553 3113 naves
565 3057 601 3113 ad
613 3058 686 3125 saxa,
701 3061 844 3135 viro'lque.
888 3082 921 3127 j·
960 3082 964 3089 ’

192 3140 243 3196 Sed
255 3155 366 3203 temere,
378 3135 512 3193 incallum
525 3158 600 3193 mare
613 3135 737 3195 lludlibu'
752 3139 822 3215 saepe
834 3139 936 3197 coortis
957 3148 960 3153 '

192 3219 322 3284 Saevibat
337 3219 492 3292 leviterque
505 3219 594 3275 minas
609 3221 733 3293 ponebat
747 3219 870 3276 inaneis:

192 3300 250 3356 Nec
259 3313 365 3376 poterat
377 3318 543 3373 quemquam
556 3298 663 3373 placidi
677 3299 793 3374 pellacia
807 3301 888 3376 ponti

192 3377 313 3438 Subdola
327 3380 476 3455 pellicere
468 3400 500 3437 ιιι
512 3377 640 3436 fraudem
653 3379 815 3439 ridentibus
822 3380 927 3436 undu

858 3453 1013 3535 bmqrdne
