2359 3875
211 453 278 541 198
367 447 840 547 r.rooerrrr

205 584 341 659 Cogenres
354 585 444 644 sursus
458 589 578 663 replent,
594 603 749 661 coguntque
761 605 882 642 manere.

205 664 277 721 Nam
292 666 380 723 dubio
394 669 491 743 procul
506 666 563 722 haec
575 667 689 724 adverso
703 668 787 724 flabra
797 664 927 721 feruntur

204 744 345 808 Flumine,
357 766 418 821 quae
432 747 554 822 gelidisa
567 746 649 803 stellis
661 749 721 802 axis
734 760 870 822 aguntur.

205 823 257 879 Ille
270 845 304 880 ex
319 826 430 882 aestisera
444 827 515 901 parti
528 826 605 883 venit
619 828 708 883 amnis
721 828 755 882 ab
768 825 860 882 austro

205 903 286 959 Inter
297 908 377 982 nigra
391 908 497 971 virum,
513 905 691 983 percodaque
704 906 779 962 secla
792 907 894 971 calore,

205 982 342 1041 Exoriens
354 988 465 1061 penitus
478 987 567 1042 media
579 988 613 1041 ab
628 988 738 1061 regione
751 986 821 1041 diei.
871 991 874 996 ’

249 1064 294 1119 Est
309 1085 431 1141 quoque,
445 1067 487 1121 uti
499 1066 579 1142 poffit
590 1085 706 1140 magnus
718 1064 860 1141 congestus
869 1082 957 1121 arene

206 1142 349 1201 Fluctibus
359 1146 475 1202 adverfis
488 1146 616 1221 oppilare
627 1144 691 1200 ossia
703 1159 809 1211 contra,

206 1222 281 1279 Cum
295 1233 542 1301 mare'pcrmotum
558 1226 646 1281 ventis
661 1234 719 1281 ruit
732 1226 808 1280 intus
820 1243 942 1280 arenam.

207 1304 276 1379 on
291 1306 322 1362 fit
337 1306 378 1361 uti
394 1305 472 1381 pado
485 1306 555 1360 liber
569 1304 662 1360 minos
672 1303 762 1360 exitus
772 1305 859 1370 amni,

209 1382 244 1437 Et
258 1387 403 1459 proclivus
415 1386 482 1440 item
496 1384 543 1441 fiat
557 1385 652 1440 minus
665 1385 787 1460 impetus
798 1384 891 1441 undis.

250 1466 295 1520 Fit
304 1484 424 1540 quoque,
438 1466 479 1521 uti
490 1465 592 1540 pluviae
603 1463 689 1520 forsan
701 1464 787 1539 magis
796 1464 830 1520 ad
838 1480 922 1540 caput
933 1466 989 1541 ejus

206 1541 349 1619 Tempore
359 1564 391 1599 eo
401 1544 480 1610 fiant,
496 1563 552 1618 quo
566 1543 642 1600 etesia
655 1543 740 1600 flabra
753 1543 922 1620 aquilonum

206 1622 313 1678 Nubila
326 1624 479 1698 conjiciunt
491 1625 521 1679 in
533 1644 574 1679 eas
589 1638 654 1680 tunc
664 1624 759 1680 omnia
773 1624 888 1699 parteis.

204 1701 314 1757 Scilicet
328 1703 361 1758 ad
377 1704 497 1759 medinm
511 1705 651 1779 regionem
665 1702 744 1780 ejeda
757 1704 814 1761 diei

207 1780 282 1837 Cum
293 1801 496 1852 convenerunt,
511 1784 551 1838 ibi
564 1784 599 1839 ad
609 1786 677 1839 altos
689 1783 809 1857 denique
822 1785 941 1843 monteio

206 1861 350 1919 Contrusae
363 1865 450 1919 nubes
463 1880 613 1940 coguntur,
629 1865 712 1939 vique
721 1879 896 1940 premuntur.

250 1945 335 2001 Forfit
348 1962 374 2000 et
390 1943 554 2021 AEthiopum
566 1945 679 2022 penitus
690 1944 872 2016 demontibus
884 1947 947 2003 altis

208 2024 326 2091 Crescat,
343 2027 392 2081 ubi
407 2028 436 2080 in
448 2044 557 2100 campos
568 2025 641 2080 albas
653 2025 814 2080 descendere
828 2026 957 2102 ningoeis

205 2101 339 2160 Tabificis
352 2105 456 2179 subigit
469 2105 555 2160 radiis
568 2103 607 2159 sol
620 2104 715 2160 omnia
724 2103 852 2160 lustrans.

247 2184 331 2240 Nunc
345 2204 403 2260 age,
420 2186 534 2242 Averna
545 2184 595 2241 tibi
608 2205 669 2260 quae
680 2183 731 2241 lint
744 2185 803 2240 loca
816 2204 939 2262 cumque
949 2187 988 2243 ln-

286 2265 397 2340 cuique,

205 2343 373 2417 Expediam,
390 2345 465 2419 quali
477 2360 577 2402 natura
589 2345 705 2421 predita
715 2344 850 2405 conflent.

247 2424 762 2500 Principio,quodAvernavocantur‚
770 2447 873 2482 nornen
880 2425 910 2482 id
917 2427 981 2484 abre

204 2500 411 2579 Impofitum'st,
427 2505 493 2579 quia
508 2506 568 2561 sunt
578 2507 677 2563 avibus
691 2506 827 2562 contraria
838 2505 955 2573 tundis,

203 2583 226 2638 E
242 2586 351 2660 regione
366 2605 396 2640 ea
410 2585 486 2660 quod
496 2587 555 2642 loca
569 2607 633 2642 cum
647 2585 783 2642 advenere
795 2589 933 2653 volantes,
965 2633 967 2637 .

203 2665 327 2740 Remigii
339 2666 432 2722 oblitae
446 2686 603 2740 pennarum
618 2669 677 2721 vela
687 2667 844 2731 remittunt,

202 2743 413 2820 Praecipitesque
427 2746 528 2801 cadunt
542 2748 622 2803 molli
636 2748 741 2801 cervice
750 2744 871 2822 profusae

200 2823 237 2878 In
252 2838 363 2889 terram,
376 2826 392 2878 si
408 2824 477 2879 forte
491 2826 528 2879 ita
542 2826 595 2881 fert
608 2841 705 2881 natura
718 2829 856 2892 locorum,

200 2903 263 2958 Aut
276 2903 306 2957 in
319 2923 428 2977 aquarn,
446 2904 462 2957 sr
474 2903 541 2958 forte
555 2907 630 2961 lacus
643 2905 789 2960 substratus
803 2903 963 2964 Averno'st.

202 2983 303 3057 Qualis
313 2983 388 3057 apud
400 2984 505 3038 Cumas
515 2985 590 3039 locus
601 2983 635 3039 est
643 3000 823 3059 montemque
833 2986 986 3054 Vesevum,

202 3062 325 3138 Oppleti
335 3062 431 3117 calidis
442 3064 491 3119 ubi
502 3062 612 3119 fumant
626 3064 754 3121 fontibus
767 3064 872 3122 nudius.

244 3139 289 3196 Est
303 3156 329 3197 et
342 3139 485 3198 Athenaeis
496 3144 526 3198 in
541 3144 691 3210 moenibus,
705 3144 775 3201 arcis
789 3145 892 3223 inipso

200 3221 323 3286 Vertite,
335 3221 456 3277 Palladis
470 3222 504 3278 ad
519 3225 654 3298 templum
665 3220 830 3281 Tritonidos
844 3229 933 3291 aimo,

200 3304 270 3379 Quo
283 3320 427 3376 nunquam
442 3305 543 3378 pennis
552 3304 699 3378 appellunt
711 3323 830 3379 corpora
845 3327 931 3362 raucae

194 3383 342 3452 Cornicen,
357 3400 415 3442 non
430 3381 614 3442 cumiumant
624 3383 720 3441 altaria
733 3384 832 3441 donis:

826 3465 991 3537 exeredes
