2359 3875
201 444 246 530 54
391 438 871 509 rationarii
926 409 930 416 ’
996 419 998 423 ’

201 568 385 640 Quapropter
397 563 497 618 eoelum
511 563 591 619 simili
606 563 713 619 ratione
733 559 923 629 fatendumst,

196 645 382 721 Totamque,
403 658 430 697 et
443 643 538 710 solem,
562 645 671 709 lunam,
693 664 779 710 mare,
802 659 910 710 caetera,
925 663 985 720 quae

281 724 355 790 sunt,
902 786 908 793 ,

199 806 265 860 Non
276 803 326 859 effe
339 805 433 870 unica,
446 804 488 859 sed
500 824 617 860 numero
630 805 718 879 magis
732 805 921 863 innumerali:

199 884 439 961 Quandoquidem
452 888 515 944 vitae
526 884 656 961 depastus
671 887 805 942 terminus
817 888 871 942 alte
1004 957 1007 962 Ι

196 966 269 1020 Tam
278 980 372 1021 manet
382 963 440 1029 his·‚
455 981 546 1022 ettam
556 966 651 1021 nativo
662 964 719 1021 haec
728 986 846 1042 corpore
856 965 992 1031 constant,

200 1046 296 1122 Quam
306 1064 393 1120 genus
403 1064 495 1113 omne,
507 1046 584 1121 quod
595 1045 639 1101 his
653 1047 803 1121 generatim
813 1047 896 1104 rebus
905 1048 994 1103 abun·

281 1125 340 1181 dat.

241 1209 312 1282 Qua
327 1208 395 1264 bene
409 1208 518 1285 cognita
532 1206 548 1261 fi
564 1221 669 1263 teneas:
685 1222 784 1263 natura
797 1207 910 1264 videtur

203 1288 301 1342 Libera
316 1291 461 1356 continuo,
476 1288 600 1345 dominis
613 1288 723 1363 privata
736 1287 871 1363 superbis,

198 1368 265 1442 lpsa
278 1368 385 1445 suaper
398 1371 422 1424 se
433 1371 528 1445 sponte
538 1369 634 1423 omnia
648 1368 711 1423 Diis
720 1387 799 1443 agere
814 1388 924 1443 expers.

199 1449 273 1503 Nam
291 1446 372 1523 [proh
383 1450 470 1506 sanda
483 1450 576 1505 Deum
591 1448 741 1523 tranquilia
753 1448 861 1522 pedona
876 1468 943 1524 pace

201 1529 275 1603 the
289 1531 434 1603 placidum
447 1531 661 1606 deguntaevum‚
677 1528 820 1604 vitamque
833 1529 956 1583 serenam
965 1529 985 1598 Ε)

199 1608 273 1683 Quis
282 1628 372 1682 regere
378 1610 503 1665 immensi
512 1609 659 1673 summam,
670 1608 731 1684 quis
740 1606 840 1663 habere
847 1606 985 1683 profundi

198 1688 281 1743 Eudo
296 1710 380 1744 manu
398 1690 504 1746 validas
517 1689 591 1765 potis
604 1687 640 1744 est
654 1688 830 1745 moderanter
843 1686 985 1745 habenas?

201 1769 275 1843 Quis
289 1770 393 1843 pariter
405 1772 487 1826 coelos
499 1769 608 1826 omneis
621 1767 802 1825 convertere?
816 1782 843 1823 et
854 1768 963 1832 omneis

203 1848 323 1923 Ignibus
335 1848 453 1907 aetheriis
463 1865 545 1906 terras
555 1848 646 1906 suffire
657 1848 791 1905 feraceis?

199 1927 342 1986 Omnibus
354 1931 440 2005 inque
453 1932 521 1988 locis
534 1929 585 1987 effe
596 1931 675 1987 omni
691 1946 813 2006 tempore
827 1927 948 2007 praesto?
990 1966 996 1972 -

197 2011 330 2068 Nubibus
344 2027 375 2068 ut
390 2013 512 2068 tenebras
526 2012 622 2078 faciam
639 2012 755 2086 coelique
769 2011 862 2066 serena

199 2091 351 2149 Concutiat
360 2093 474 2149 sonitu?
489 2109 549 2148 tum
563 2091 683 2148 fulmina
697 2093 804 2154 mitem
821 2107 848 2148 et
861 2090 943 2149 aedeis

200 2173 280 2248 Snpe
291 2173 350 2229 suas
361 2172 511 2238 disturbem
529 2189 555 2228 et
569 2173 599 2228 in
613 2173 716 2228 deserta
729 2171 856 2229 recedens

198 2252 310 2320 Saeviat,
326 2273 453 2309 exercens
467 2256 563 2319 tel-um,
579 2253 655 2328 quod
669 2254 738 2329 saepe
746 2253 890 2309 nocenteis
957 2251 959 2256 ¹

198 2333 337 2400 Praeterit,
353 2333 545 2409 exanimatque
557 2334 700 2409 indiguos,
715 2334 802 2409 inque
815 2334 985 2393 merenteia?

247 2415 394 2488 Multaque
406 2414 466 2488 post
477 2413 577 2470 mundi
593 2430 701 2489 tempus
715 2413 843 2488 genitale,
855 2413 985 2492 diemque

198 2497 394 2572 Primigcnum
407 2495 503 2560 maris,
519 2509 545 2550 et
558 2509 644 2561 terrae,
660 2494 775 2568 solisque
785 2510 925 2563 coortum,

138 2577 139 2581 ¹
201 2578 309 2637 Addita
322 2594 440 2651 corpora
450 2574 511 2632 sunt
525 2575 707 2639 extrinsecum
724 2573 819 2631 addita
832 2576 940 2633 circum

199 2659 320 2724 Semina,
336 2676 396 2731 quae
406 2675 539 2732 magnum
547 2655 698 2733 jaculando
708 2655 828 2710 contulit
841 2653 953 2722 Omne3

202 2741 286 2799 Unde
296 2756 381 2802 mare,
396 2750 423 2792 et
437 2751 513 2792 terrae
527 2734 635 2812 poffent
648 2735 804 2810 augescere3
820 2750 848 2792 et
861 2737 937 2793 unde

198 2815 486 2897 Adpareretipatium
500 2819 560 2872 coeli
574 2817 686 2881 domus,
703 2817 810 2890 altaque
821 2816 887 2872 tedia

198 2902 322 2959 Tolleret
335 2918 351 2951 a
364 2896 444 2952 terris
455 2899 571 2970 proeu13
589 2913 616 2952 et
627 2895 803 2971 consurgeret
811 2916 870 2968 aer.

200 2984 273 3038 Nam
284 2978 330 3032 sua
343 2976 443 3049 cuique
458 2977 525 3031 loeis
534 2997 568 3032 ex
580 2977 712 3033 omnibus
721 2977 816 3033 omnia
824 2979 916 3055 plagia

201 3063 330 3135 Corpora
341 3054 558 3123 distribuuntur,
573 3057 643 3113 etad
657 3056 703 3112 sua
716 3054 791 3112 saecla
801 3059 949 3116 recedunt:

198 3142 313 3198 Humor
325 3135 360 3192 ad
370 3134 535 3201 humorem3
554 3152 663 3193 terreno
676 3156 795 3214 corpore
809 3153 882 3196 terra

200 3219 318 3283 Crescit3
329 3232 355 3272 et
362 3219 456 3294 ignem
464 3217 541 3294 ignes
548 3217 720 3292 procudunt,
730 3215 883 3295 aetheraque
891 3219 983 3278 aether:

106 3361 109 3368 ,
198 3301 339 3359 Dorticum
352 3299 387 3355 ad
398 3312 552 3354 extremum
565 3297 705 3354 crescendi
719 3298 822 3373 perfica
832 3301 917 3363 finem

198 3381 306 3441 Omnia
316 3378 452 3455 perduxit
464 3397 556 3436 rerum
569 3393 669 3462 natura
682 3378 812 3441 creatrix.

939 3461 982 3518 Ut
