2359 3875
317 415 523 512 ιιιιιι
566 413 854 486 nunus.
928 434 971 506 ῃ

196 551 346 626 Corporis,
361 564 442 623 atque
451 550 541 606 animi
554 547 674 606 l'eorlum
687 547 785 603 sentire
797 544 929 621 potestas:

197 631 249 686 Sed
260 632 463 691 communibus
478 633 608 686 intereos
621 629 757 685 conflatur
766 627 902 698 utrinque·

198 711 326 766 Motibus
338 710 464 765 accensus
477 710 559 766 nobis
572 729 625 784 per·
636 707 739 764 viscera
753 707 854 763 sensus.

241 792 388 852 Praeterea
399 808 500 865 corpus
511 808 561 863 per
573 789 599 844 se
612 808 661 844 nec
675 787 802 864 gignitur
814 804 955 859 unquam·

199 870 257 923 Nec
271 868 380 933 crescit,
404 887 456 923 nec
471 868 529 944 poll
543 883 662 931 mortem
678 868 778 923 ddrare
790 866 913 921 videtur
987 911 990 916 .

200 949 265 1004 Non
277 949 369 1014 enim,
385 963 417 1003 ut
429 947 532 1003 humor
539 967 617 1025 aquae
628 946 823 1021 dimittitsaepe
835 964 984 1020 vaporem

203 1030 262 1105 Qui
275 1028 358 1084 datus
373 1028 419 1094 est,
435 1047 524 1103 neque
531 1029 565 1083 ab
576 1027 626 1084 hac
636 1027 712 1082 causa
725 1026 895 1082 convellitur
909 1023 984 1114 ipse,

203 1109 251 1163 Sed
263 1121 358 1163 manet
369 1108 535 1166 incolumis
557 1127 627 1172 non
644 1108 770 1183 inquam,
786 1107 819 1161 fic
832 1104 939 1161 animai

204 1186 356 1245 Discidium
371 1186 484 1263 poliunt
495 1202 570 1244 artus
584 1187 703 1263 perferre
714 1185 815 1241 relidi:

205 1268 252 1323 Sed
266 1267 379 1342 penitus
392 1283 511 1347 pereunt
523 1268 655 1334 convelli,
669 1283 778 1341 conque
790 1263 966 1340 putrescunt

206 1348 263 1403 Ex·
256 1361 372 1403 ineunte
385 1366 444 1403 aevo
457 1348 491 1403 lic
503 1349 632 1424 corporis
645 1361 728 1423 atque
739 1344 844 1401 animai

172 1465 175 1470 -
206 1428 303 1484 Mutua
318 1428 428 1483 vitaleis
441 1426 549 1483 discunt
562 1429 690 1503 contagia
702 1440 804 1491 motus,

208 1506 457 1564 lllaternis.etiam
449 1528 481 1562 ιιι
490 1509 632 1581 membris,
648 1510 769 1581 alvoque
782 1504 908 1581 repolla3

207 1586 362 1643 Discidium
375 1602 407 1643 ut
419 1603 536 1661 nequeat
549 1589 609 1645 ficu·
623 1590 678 1644 fine
692 1586 775 1662 pelle,
787 1586 931 1660 maloque}

209 1666 243 1723 Ut
256 1666 360 1731 videas,
375 1670 510 1743 quoniam
520 1669 667 1745 conjuntla
679 1664 709 1723 'll
722 1665 810 1722 euulsa
823 1664 927 1731 salutis,

209 1747 391 1823 Conjundlam
402 1765 513 1824 quoque
525 1763 654 1805 naturam
667 1745 807 1803 conlistere
818 1764 927 1801 eorum.

246 1827 333 1897 Quod
348 1826 480 1902 superest,
496 1827 513 1881 fi
528 1830 591 1903 quis
604 1848 704 1904 corpus
714 1827 953 1889 sentirereuututt

208 1905 296 1983 Atque
309 1907 436 1974 animam
446 1908 536 1965 credit
550 1908 706 1983 permistam
721 1926 838 1983 corpore
852 1919 910 1961 toto

208 1986 253 2042 Su
241 1986 548 2064 ciperehuncmotum
561 2009 643 2065 quem
655 1989 759 2045 sensum
768 1986 986 2050 ιιοιιιὶιιὶιιιιιιιι·ῐ
1014 1986 1017 1991 “
1092 1973 1098 1987 ’

209 2065 257 2123 Vel
271 2065 425 2123 manilellai
437 2083 600 2135 testeum,
616 2070 745 2144 verasque
758 2080 906 2143 repugnat.
986 2094 988 2101 ·

210 2147 286 2222 Quid
297 2147 330 2203 [ιι
341 2147 419 2203 enim
432 2167 532 2222 corpus
545 2148 645 2205 sentire
657 2150 720 2226 quis
732 2147 824 2205 efferet
835 2165 972 2219 unquam,

209 2226 302 2284 Sinon
315 2225 377 2302 ipsa
391 2229 482 2301 pelam
494 2229 569 2302 quod
583 2248 625 2285 res
636 2231 713 2286 dedit
725 2250 756 2285 ac
765 2226 862 2285 docuit
875 2223 987 2282 nos?

207 2309 245 2362 At
256 2303 367 2363 dimiffa
379 2307 474 2364 anima
488 2326 591 2383 corpus
602 2325 674 2365 caret
686 2310 812 2382 undique
825 2306 917 2363 sensu.

208 2387 301 2444 Perdit
314 2385 393 2442 enim
406 2386 484 2461 quod
493 2407 552 2443 non
566 2391 717 2464 proprium
726 2389 815 2444 fuit
793 2407 850 2463 qus
864 2387 895 2443 in
908 2406 983 2443 aevo:

207 2465 352 2541 Multaque
365 2480 495 2542 preterea
510 2468 614 2542 perdit,
630 2491 692 2524 cum
706 2468 859 2544 expellitur
872 2485 940 2522 aevo.

246 2545 350 2602 Dicere
363 2548 557 2621 petrunculus
569 2550 677 2604 nullam
691 2568 749 2603 rem
758 2565 867 2602 cernere
879 2543 978 2618 polse·

207 2626 257 2681 Sed
270 2645 323 2701 per
332 2645 378 2682 eus
389 2627 515 2683 animum
530 2644 561 2683 ut
573 2627 681 2684 foribus
695 2626 811 2700 spetlare
823 2623 945 2689 xeclulie,

206 2700 382 2780 Defipetell:
405 2721 502 2762 contra
516 2722 581 2763 cum
595 2707 686 2763 lenius
696 2706 769 2761 dicat
779 2722 892 2759 eorum:

208 2784 305 2845 Sensus
319 2786 396 2843 enim
410 2783 505 2849 trahit,
521 2804 603 2861 atque
615 2788 683 2842 acies
691 2784 816 2841 'detrudit
829 2783 864 2838 ad
877 2781 965 2856 ipla53

207 2863 327 2940 fulgida
336 2856 485 2939 presertim
500 2885 564 2921 cum
576 2886 685 2922 cernere
700 2867 767 2942 saepe
779 2864 943 2938 nequimus,

207 2943 330 3001 Lumina
342 2944 499 3000 luminibus
512 2947 579 3018 quia
589 2948 673 3002 nobis
688 2945 917 3022 praepediuntur:

208 3023 298 3100 Quod
309 3022 420 3081 foribus
433 3040 490 3080 non
504 3024 552 3081 fit:
575 3046 664 3102 neque
676 3026 762 3092 enim,
785 3045 840 3100 qua
853 3023 992 3080 ceruimus

332 3103 395 3178 ipli‚

208 3183 288 3242 Ollia
301 3182 444 3258 incipiunt
457 3186 547 3241 ullum
557 3188 659 3244 reclusa
673 3188 810 3243 laborem.

226 3264 396 3329 &Praeterea
413 3263 431 3319 li
446 3283 502 3356 pru¹
513 3265 619 3324 foribus
629 3268 694 3323 lunt
707 3266 812 3322 lumina
823 3263 936 3329 ιιιιῐιιι,1

200 3345 268 3419 jam
280 3343 518 3421 magieeuemptie
531 3347 618 3407 oculis
631 3348 730 3404 debere
743 3345 853 3405 videtur
922 3371 927 3389 ι
956 3392 960 3397 .
988 3350 991 3355 “

584 3426 611 3486 G
621 3447 639 3511 3
850 3424 1002 3481 Demea
