2359 3875
307 422 513 493 LIBER
559 420 860 521 QUINTUS.
891 446 981 513 *¹75

203 558 276 615 Avia
291 577 341 633 per
351 575 475 620 nemora,
491 576 521 611 ac
531 554 621 631 sylvas
635 554 767 628 saltusque
780 568 899 629 reperta,

203 640 254 695 Per
264 640 322 694 loca
339 636 479 712 pallorum
490 635 605 701 deserta,
617 651 698 710 atque
711 636 768 691 otia
781 634 843 690 dia:

203 720 247 777 sic
261 738 352 775 uuum
364 716 501 791 quicquid
513 716 661 790 paullatim
677 714 817 791 protrahit
831 728 893 769 aetas
972 737 976 745 ·

202 800 236 857 Iu
250 797 387 862 medium,
402 797 526 869 ratioque
539 797 569 850 iu
582 796 700 852 luminis
711 796 785 852 eruit
797 813 870 851 oras.

201 880 266 935 Haec
279 878 388 933 animos
402 876 464 932 ollis
475 876 635 932 mulcebant
643 891 724 950 atque
728 877 867 952 juvabant

200 961 275 1017 Cum
289 958 382 1014 satiate
395 956 468 1022 cibi;
492 976 557 1012 uem
572 972 630 1012 turn
645 956 707 1011 sunt
718 957 814 1013 omnia
827 953 919 1011 cordi.

199 1041 274 1116 Saepe
286 1040 380 1115 itaque
393 1037 466 1092 inter
479 1036 503 1091 se
517 1037 646 1113 prostrati
659 1037 689 1092 in
700 1036 825 1113 gramine
838 1034 917 1092 molli

200 1122 321 1196 Propter
328 1136 405 1191 aquae
414 1116 520 1184 rivum,
534 1118 585 1173 sub
600 1116 683 1173 ramis
692 1117 801 1173 arboris
815 1116 888 1180 altae,

199 1202 264 1256 Non
278 1197 625 1274 maguisopibusjutunde
637 1216 754 1273 corpora
768 1195 922 1253 habebant:

198 1280 353 1337 Praesertim
366 1297 431 1333 cum
442 1275 582 1352 tempellas
594 1277 713 1343 ridebat,
725 1276 824 1333 etanni

197 1361 341 1435 Tempora
350 1358 503 1433 pingebant
517 1357 679 1413 viridanteis
687 1358 805 1414 floribus
817 1353 925 1419 herbas,

197 1442 272 1498 Tum
282 1441 358 1515 joca,
375 1453 435 1492 turn
448 1437 546 1503 sermo,
563 1452 623 1493 tum
635 1438 728 1493 dulces
737 1436 788 1493 esse
801 1432 930 1491 cachinni

199 1520 387 1576 Consuerant:
411 1516 522 1593 agrestis
535 1518 611 1572 euim
623 1534 680 1572 tum
692 1518 768 1573 musa
781 1517 907 1592 vigebat:

198 1602 273 1657 Turn
281 1615 376 1673 eaput,
389 1613 470 1671 atque
481 1597 611 1653 humeros
620 1599 708 1672 plexis
716 1597 848 1653 redimire
857 1593 980 1663 coronis,

200 1681 338 1745 Floribus,
355 1692 382 1733 et
394 1677 469 1733 soliis
481 1678 594 1733 lascivia
606 1680 820 1734 laetarmonebatt

197 1763 292 1835 Atque
305 1773 536 1814 extranurnerum
548 1759 826 1833 procederemernbra
836 1752 991 1813 moventeir

197 1841 325 1906 Durittr,
335 1853 363 1894 et
375 1837 447 1895 duro
462 1853 560 1893 terram
575 1840 644 1913 pede
655 1842 757 1914 pellere
771 1855 902 1896 matrem:

199 1920 282 1979 Unde
294 1920 457 1977 oriebantur
468 1918 548 1986 risus,
562 1920 718 1995 dulcesque
736 1918 862 1984 achinni,
990 1913 994 1920 ’

198 2002 304 2058 Omnia
314 2000 536 2075 quodnovaturn
546 2000 707 2076 magishaec,
737 2000 823 2062 tmira
833 1998 978 2075 vigebant.

198 2083 233 2136 Et
246 2081 429 2156 vigilantibus
443 2079 509 2134 hinc
519 2080 631 2135 aderant
645 2080 737 2138 solatia
748 2079 847 2143 somni,

196 2163 307 2217 Ducere
318 2159 492 2228 multimodis
506 2178 595 2226 voces,
612 2175 638 2215 et
648 2160 753 2217 fledere
765 2174 861 2214 cautus
873 2181 880 2224 3

198 2242 233 2296 Et
246 2241 346 2316 supera
355 2241 474 2296 oeleruos
487 2259 560 2295 unco
574 2260 735 2315 percurrere
747 2241 841 2294 labro:

197 2321 281 2378 Unde
294 2320 377 2375 etiam
389 2321 489 2393 vigiles
501 2339 576 2375 nunc
588 2319 646 2375 hnc
659 2334 770 2396 accepta
780 2333 903 2385 tuentur,

197 2402 232 2456 Et
245 2419 396 2459 numerum
409 2398 510 2456 servare
523 2418 609 2474 genus
621 2399 759 2465 didicere3
776 2419 865 2474 neque
879 2397 940 2456 hilo

195 2482 332 2557 Majorem
344 2479 448 2534 interea
461 2479 576 2554 capiunt
589 2477 741 2535 dulcedini'
756 2479 889 2545 studium,
940 2473 942 2476 ¹

198 2563 294 2638 Quam
308 2558 434 2638 sylvestre
444 2577 528 2634 genus
541 2561 667 2634 capiebat
680 2561 890 2633 terrigenarum.
950 2591 954 2599 ·

239 2642 313 2697 Nam
322 2638 478 2712 quodadesl
489 2639 597 2713 praeslo,
605 2638 658 2695 nih
668 2638 922 2713 quidcognovimus
928 2657 961 2693 an
966 2652 990 2693 te

196 2722 326 2786 Suauius,
343 2720 374 2774 in
387 2720 490 2794 primis
502 2721 601 2794 placet,
616 2735 643 2774 et
656 2721 761 2795 pollere
773 2716 902 2783 videtur;

179 2795 455 2874 'Posteriorquesere
469 2800 569 2854 melior
579 2819 620 2856 res
634 2801 684 2856 illa
697 2813 805 2874 reperta

197 2881 305 2947 Perdit,
317 2896 343 2935 et
354 2880 482 2936 immutat
494 2878 583 2935 sensus
596 2878 630 2935 ad
642 2879 758 2956 prillina
768 2898 898 2955 queque.

198 2962 241 3019 Sic
254 2960 353 3017 odium
363 2960 447 3035 eoepit
460 2955 582 3035 glandis:
607 2960 640 3015 sre
651 2961 699 3016 illa
713 2959 805 3017 relidla
869 2970 871 2975 '
950 2968 954 2977 ‘

197 3043 287 3099 Strata
300 3038 478 3096 nubilin'sunt
491 3038 596 3105 herbis,
611 3054 638 3095 et
650 3039 799 3099 frondibus
812 3039 902 3098 ansla-

197 3122 283 3179 Pellis
296 3120 362 3176 item
370 3118 481 3185 cecidit,
495 3118 575 3176 vellis
586 3116 745 3196 contempta
758 3118 890 3189 ferina'll,

199 3203 296 3280 Quam
306 3219 368 3256 reor
380 3200 412 3256 in
420 3200 501 3258 vidia·
511 3201 559 3256 tali
570 3215 636 3258 tunc
648 3199 699 3256 esse
713 3215 866 3277 repertam
911 3232 914 3239 ·
954 3236 958 3242 -

200 3282 242 3340 Ut
253 3280 361 3338 lethum
374 3280 491 3346 insidiis,
505 3281 555 3355 qui
565 3281 641 3358 gessit
651 3281 770 3357 primus,
782 3281 890 3338 obiret:

200 3362 236 3418 Et
247 3362 358 3420 tandem
370 3361 499 3419 intereos
509 3360 681 3430 dislrndlum,
695 3362 829 3439 sanguine
840 3363 933 3419 multo

827 3439 997 3520 bilqerhhe
