2359 3875
322 393 527 466 urunt
574 391 875 494 noturus.
908 418 969 487 ιη

207 524 250 591 At,
262 525 337 601 quod
350 526 496 602 providet.
511 525 589 583 illius
600 527 641 583 rei
654 525 757 584 constat
770 526 875 603 iringo.

202 606 270 682 Ergo
281 606 391 662 animus
403 626 467 663 cum
480 606 532 662 sese
544 606 584 662 ita
596 622 765 673 commoret,
780 622 812 663 ut
825 607 893 662 velit
906 606 959 669 ire,

202 685 286 760 Inque
299 686 390 762 gredi,
406 684 472 742 serit
484 688 638 762 extemplo,
653 707 715 762 ane
728 687 760 744 in
774 704 890 761 corpore
904 699 963 741 toto

200 764 248 821 Per
260 767 396 831 membra,
409 782 492 843 atque
504 780 590 833 artus,
606 767 710 823 animai
723 765 812 823 dissita
826 768 868 823 vis
877 762 931 821 eslt

200 844 231 901 Et
244 841 358 901 sacile'sl
372 844 456 909 [κᾶν.
470 846 607 921 quoniam
620 845 765 924 conjunc‘ln
779 861 898 902 tenetur.

201 926 266 982 lude
275 946 307 991 ea
320 945 465 1002 proporro
477 946 578 1002 corpur
586 925 662 992 serit,
674 941 757 1000 atque
772 926 810 983 itu
823 939 883 983 tota

198 1005 347 1062 Paullatim
359 1008 447 1062 moles
457 1005 647 1082 protruditur,
662 1020 744 1080 atque
756 1020 898 1063 movetur.

198 1086 340 1151 Praeterea,
354 1102 414 1141 tum
428 1086 536 1142 rarescit
547 1105 659 1160 quoque
668 1104 782 1161 corpur,
797 1102 825 1141 et
838 1107 896 1153 aer,

199 1165 306 1222 Scilicet
319 1181 351 1221 ut
362 1164 445 1222 debet
453 1165 502 1241 qui
516 1165 622 1241 semper
632 1164 743 1221 mobilis
757 1164 852 1230 exsltt,

197 1244 248 1301 Per
258 1244 392 1321 patesada
404 1247 492 1309 venit,
507 1260 688 1321 penetratque
699 1243 834 1302 soraminn
847 1246 958 1321 largnsr

197 1326 230 1381 Et
239 1324 412 1401 dispergitur
423 1326 458 1382 nd
472 1326 574 1401 parteis
586 1326 626 1381 ita
637 1324 759 1401 quasque
773 1324 895 1381 minutas

197 1406 349 1481 Corporis:
366 1404 434 1462 hinc
447 1405 536 1481 igitur
547 1406 629 1462 rebus
642 1405 674 1461 fit
687 1406 817 1480 utrinque
824 1404 944 1473 duabus,

198 1487 311 1560 Corpus
324 1485 378 1551 uti,
393 1500 426 1542 ut
434 1483 512 1540 navis
526 1485 605 1549 velis,
621 1500 771 1559 ventoque,
787 1483 900 1542 seratur.

196 1566 253 1621 Nec
270 1580 362 1620 tamen
371 1564 444 1623 illud
456 1564 486 1621 in
499 1562 544 1619 his
555 1567 637 1621 rebus
651 1565 782 1621 mirabile
795 1564 909 1632 constat,

196 1644 317 1702 Tantula
325 1645 401 1720 quod
413 1660 520 1702 tantum
531 1664 634 1721 corpus
647 1644 813 1720 corpuscula
826 1646 928 1721 possint

197 1727 402 1801 Contorquere,
417 1740 446 1781 et
457 1744 528 1782 onus
540 1739 632 1781 totum
644 1741 803 1782 convertere
817 1726 956 1785 noslrunt.

198 1806 320 1881 Quippe
332 1805 436 1862 etenim
448 1818 553 1864 ventus,
561 1802 654 1861 subtili
667 1823 783 1881 corpore
796 1808 887 1863 tenuis

196 1885 302 1942 Trudit
314 1903 397 1962 agens
406 1904 536 1961 maguam
549 1904 651 1961 magno
660 1886 805 1943 molimine
817 1886 932 1952 navim3

197 1967 232 2020 Et
244 1986 344 2022 manus
357 1987 413 2024 una
422 1966 492 2041 regit
502 1965 649 2039 quantovis
658 1965 763 2040 impete
772 1982 894 2032 euntem,

195 2048 291 2120 Atque
305 2046 504 2121 gubernaclum
513 2059 677 2121 contorquet
685 2046 811 2118 quolibet
824 2066 931 2102 uuum:
962 2068 964 2073 ·

196 2127 343 2199 Multaque
353 2146 402 2201 per
411 2123 555 2189 trochleas,
567 2124 867 2201 ettympanapondere
877 2128 979 2202 magno

198 2208 381 2271 Commouet,
395 2221 478 2281 atque
489 2204 545 2262 leui
558 2203 674 2260 suslollit
682 2201 811 2261 machina
823 2205 895 2262 nisu.

233 2287 319 2343 Nunc
343 2287 447 2365 quibus
470 2284 517 2341 ille
541 2283 632 2342 modis
650 2281 763 2341 somnus
784 2306 835 2362 per
851 2288 976 2344 membru

278 2381 401 2441 quietem
494 2408 497 2413 ,
511 2402 514 2409 ·

195 2446 316 2523 Inriget,
331 2462 411 2522 atque
422 2446 507 2503 animi
519 2465 598 2504 curat
612 2466 625 2502 e
640 2447 749 2525 pedore
761 2449 867 2514 solvat3

195 2526 351 2583 suavidicis
362 2530 467 2603 potius,
481 2547 565 2602 quam
579 2530 676 2586 multis
686 2531 818 2594 verfibus,
832 2529 928 2587 edam:

195 2607 303 2664 Parvus
309 2622 342 2663 ut
348 2606 385 2664 est
395 2610 476 2685 cymi
487 2608 687 2674 meliorcnnor,
702 2608 750 2664 ille
759 2628 863 2683 gruum
876 2628 965 2683 qnam

197 2689 326 2752 Clamor,
341 2687 372 2743 in
386 2687 503 2744 aetheriis
516 2687 654 2763 dispersus
670 2688 792 2745 nubibus
805 2687 914 2744 Auslri.

195 2767 242 2823 Tu
257 2766 329 2824 mihi
343 2767 379 2824 da
398 2767 503 2824 tenueis
515 2769 616 2833 aureis,
631 2767 813 2842 animumque
825 2768 957 2844 sagacem,

198 2848 241 2904 Ne
256 2847 315 2905 sieri
329 2848 443 2922 negites,
458 2867 518 2922 quae
532 2849 623 2905 dicam
635 2845 727 2922 polse3
752 2863 880 2925 rptroque

198 2929 275 2986 Vera
288 2927 440 3002 repulsanti
452 2926 570 2986 discedas
582 2926 691 3003 peslore
704 2927 790 2986 diua:

197 3009 327 3065 Tutemet
340 3027 371 3063 ru
384 3009 468 3084 culpa
476 3027 562 3082 quom
573 3006 616 3074 sis,
631 3028 666 3065 ne
674 3028 786 3065 cernere
799 3009 893 3086 possis.
934 3058 936 3063 .

239 3087 387 3162 Principio
399 3088 511 3143 somnus
524 3087 565 3153 lit,
581 3087 631 3145 ubi
641 3087 677 3144 esl
686 3087 811 3147 disltasln
820 3110 873 3167 per
883 3104 959 3147 artus

198 3168 252 3225 Vis
261 3169 373 3232 anime,
389 3167 547 3244 partimque
556 3166 629 3225 foras
642 3166 723 3244 ejesla
737 3169 850 3238 recellit,

198 3248 234 3307 Et
247 3248 351 3323 partim
364 3246 490 3304 contrusa
503 3249 593 3324 magis
607 3245 733 3303 concessit
746 3248 776 3304 in
789 3250 895 3307 ultum:

196 3325 473 3388 Dissolvuntureoitn
483 3327 661 3387 tumdcmum
668 3328 802 3399 membra,
815 3330 974 3403 fluuntque.

905 3407 981 3464 Nam
