2359 3875
328 379 832 492 LIBER-PRIMUS.
938 443 980 511 η

207 542 272 603 Offia
285 545 421 604 videlicet
433 568 448 604 e
461 549 595 623 pauxillis
605 564 686 624 atque
700 547 818 603 minutis

206 624 324 684 Ossibus:
349 628 385 683 fic
397 644 425 684 et
436 629 471 685 de
481 631 614 704 pauxillis
628 646 709 704 atque
722 627 837 683 minutis

203 704 357 766 Visceribus
371 709 460 765 viscus
474 711 568 785 gigni:
594 710 768 784 sanguenque
781 709 877 775 creari,

203 786 344 864 Sanguinis
352 789 434 848 ,inter
447 790 472 845 se
482 791 575 846 multis
588 785 752 846 coeuntibu'
763 790 861 864 guttis:

202 866 238 923 lix
247 870 365 943 aurique
380 885 460 946 putat
475 871 553 950 micis
564 867 787 944 consillerepolle

201 947 325 1005 Aurum:
349 952 425 1008 etde
440 951 518 1007 terris
529 965 629 1007 terram
643 950 812 1007 concrescere
826 951 938 1025 parvis:

201 1026 312 1103 Ignibus
325 1050 361 1085 ex
372 1032 482 1107 ignem:
507 1028 654 1098 humorem
668 1051 701 1085 ex
713 1030 879 1087 humoribus
892 1032 962 1088 elle:

201 1107 298 1165 Cetera
311 1110 449 1168 consimili
464 1111 544 1186 fingit
553 1112 670 1177 ratione,
687 1125 831 1186 putatque.

236 1191 295 1246 Nec
308 1208 401 1248 tamen
413 1190 464 1249 elle
478 1193 533 1248 ulla
546 1207 624 1267 parte
641 1213 721 1247 1onn
739 1192 768 1247 in
784 1192 863 1247 rebus
877 1191 959 1247 inane

202 1267 346 1338 Concedit,
361 1292 452 1348 neque
465 1273 631 1346 corporibus
645 1272 728 1328 linem
742 1270 792 1327 elle
803 1271 942 1327 secandis:

201 1350 290 1426 Quare
301 1354 338 1408 in
350 1367 464 1427 utraque
477 1351 547 1407 mihi
561 1353 666 1429 pariter
675 1352 781 1409 ratione
794 1352 907 1408 videtur

200 1430 303 1500 Errare,
317 1449 400 1508 atque
417 1455 500 1500 rani,
513 1433 612 1509 supera
624 1451 695 1507 quos
709 1432 832 1489 diximus
842 1447 918 1489 ante.

234 1513 320 1570 Adde
333 1515 411 1588 quod
421 1513 558 1570 imbecilla
571 1514 657 1569 nimis
670 1513 826 1589 primordia
840 1514 933 1590 fingit,

200 1590 222 1650 Si
237 1595 394 1668 primordia
405 1594 478 1661 sunt,
491 1594 573 1651 finili
587 1615 649 1669 quae
664 1593 779 1670 praedita
792 1594 915 1650 constant

200 1671 313 1741 Natura,
325 1689 408 1749 atque
419 1675 483 1751 ipsae
494 1695 535 1730 res
545 1675 623 1741 sunt:
647 1692 776 1751 aequeque
789 1675 927 1741 laborant,

199 1752 230 1807 Et
243 1771 358 1830 perunt,
371 1775 460 1830 neque
468 1757 503 1812 ab
516 1756 605 1811 exitio
619 1775 660 1811 res
674 1756 731 1811 ulla
745 1752 882 1812 refrenat:

199 1834 266 1891 Nam
279 1836 349 1909 quid
362 1836 393 1891 in
406 1836 537 1911 oppressu
550 1836 644 1893 valido
657 1835 769 1891 durabit
779 1855 888 1903 eorum,

199 1915 234 1973 Ut
247 1930 367 1973 mortem
379 1914 495 1994 effugiat
507 1914 576 1974 lethi
588 1914 766 1973 subdentibus
777 1915 865 1991 ipsis?

200 1997 296 2073 Ignis?
317 2019 353 2054 an
367 1996 493 2054 humor?
513 2020 547 2054 an
569 1997 656 2054 aura?
676 1996 747 2075 quid
768 1995 895 2055 horum?
916 1999 974 2056 san·

320 2097 393 2154 guen
406 2077 419 2134 Ρ
440 2099 475 2134 an
488 2078 568 2135 offa?

197 2155 242 2215 Nil
252 2172 284 2215 ut
293 2160 409 2234 opinor,
426 2159 474 2214 ubi
487 2179 521 2215 ex
536 2179 615 2236 aequo
630 2179 669 2217 res
683 2158 808 2217 funditus
821 2161 913 2228 omnis

197 2238 264 2297 Tam
278 2239 404 2296 mortalis
416 2239 480 2307 erit,
495 2260 646 2318 quamque
658 2241 932 2298 manifestavidemus

198 2320 235 2377 Ex
249 2321 341 2377 oculis
355 2319 454 2375 nostris
468 2321 561 2397 aliqua
574 2325 602 2376 vi
615 2320 686 2377 visla
696 2321 798 2396 perire.

197 2403 330 2477 Atneque
340 2400 461 2455 recidere
467 2399 679 2456 adnihilumres
691 2402 775 2477 polle,
783 2423 873 2481 neque
883 2418 974 2460 autem

197 2482 320 2538 Crescere
332 2479 366 2535 de
379 2479 482 2547 nihilo,
499 2480 579 2536 tellor
592 2502 633 2536 res
646 2497 709 2536 ante
719 2485 859 2557 probatas.

234 2564 368 2619 Praeterea
379 2561 511 2637 quoniam
522 2562 600 2618 cibus
613 2576 694 2637 auget
705 2583 820 2638 corpus,
834 2563 952 2641 alitque:

197 2642 265 2700 Scire
273 2642 350 2706 licet,
364 2641 447 2697 nobis
459 2661 552 2707 venas,
565 2657 591 2697 et
601 2643 733 2718 sanguen,
747 2657 774 2698 et
785 2642 851 2711 olla,

197 2722 229 2779 Et
239 2740 341 2780 nervos
353 2722 516 2797 alienigenis
529 2741 562 2777 ex
577 2723 703 2798 partibus
717 2722 786 2779 effe:

196 2803 253 2859 Sive
267 2802 343 2859 cibos
356 2804 461 2859 omneis
470 2803 615 2860 commillo
629 2823 746 2878 corpore
759 2804 853 2860 dicent

195 2882 260 2951 Else,
276 2898 303 2939 et
313 2880 414 2939 habere
424 2883 455 2938 in
468 2882 492 2938 le
505 2903 656 2940 nervorum
669 2904 786 2960 corpora
798 2906 895 2962 parva,

197 2962 325 3040 Ossaque,
337 2977 363 3016 et
375 2964 492 3019 omnino
505 2982 599 3030 venas,
615 2964 769 3040 parteisque
782 2969 905 3034 cruoris:

197 3043 263 3109 Fiet,
277 3042 320 3099 uti
330 3043 410 3098 cibus
423 3043 514 3100 omnis
527 3058 552 3098 et
563 3042 667 3110 fridus,
680 3060 707 3099 et
720 3047 815 3123 liquor
824 3048 893 3123 ipse,

197 3121 235 3178 Ex
245 3123 407 3198 alienigenis
422 3125 501 3179 rebus
515 3123 635 3180 conslare
646 3140 771 3200 putetur,

198 3201 318 3269 Ossibus,
333 3217 359 3256 et
369 3204 472 3269 nervis,
488 3202 629 3280 venisque,
645 3220 670 3260 et
681 3205 812 3281 sanguine
824 3208 917 3267 millo.

235 3284 367 3341 Praelerea
376 3303 545 3360 quecunque
559 3303 572 3338 e
583 3299 654 3342 terra
665 3303 783 3360 corpora
793 3289 932 3358 crescunt:

197 3362 224 3419 Si
236 3363 338 3423 suntin
352 3363 442 3433 terris,
458 3378 540 3421 terras
553 3363 674 3422 conllare
685 3365 832 3427 necesse’st.

564 3446 590 3503 C
927 3441 992 3505 im
