2359 3875
85 180 312 296 w
360 181 371 192 ··

85 303 97 326 ,1,

315 444 520 514 arnan
562 443 819 517 saxrrrs.
909 466 972 534 199
1039 399 1043 405 Δ

185 576 353 655 Usqucadeo
365 574 487 653 fugitant
499 596 558 633 non
573 576 625 633 iras
640 575 759 634 Palladis
772 575 857 632 aereis

184 656 322 733 Pervigili
336 658 426 722 causa,
440 658 559 713 Graium
574 672 606 712 ut
618 658 740 714 cecinere
756 672 858 731 poete:

182 738 239 793 Sed
251 752 351 793 natura
365 739 421 794 loci
436 735 488 793 hoc
502 756 573 810 opus
584 736 668 794 efficit
681 738 740 812 ipsa
750 738 796 793 sua
810 736 850 792 vi.

228 818 265 872 ln
279 817 359 894 Syria
369 837 480 893 quoque
493 817 580 873 fertur
590 818 656 872 itcrn
671 819 748 873 locus
760 816 822 882 effe,
838 814 940 883 videri,

183 896 391 974 Quadrupedes
401 917 513 973 quoquc
525 915 582 970 quo
593 897 671 953 fimul
681 919 712 953 ac
722 897 833 973 vestigia
846 896 970 971 primum

184 978 350 1041 Intulerint,
367 976 487 1053 graviter
502 977 543 1032 vis
557 993 637 1052 cogat
650 977 793 1033 concidere
803 976 873 1053 ipsa,

184 1058 318 1114 Manibus
331 1058 391 1126 utfi
406 1058 456 1113 sint
470 1057 544 1113 divis
557 1056 671 1114 madata
684 1073 807 1134 repente.

185 1137 293 1196 Omnia
306 1157 365 1211 quaa
379 1138 499 1195 naturali
513 1137 621 1193 ratione
635 1154 781 1213 geruntur,

184 1219 222 1273 Et
231 1217 358 1292 quibuse
371 1218 453 1273 causrs
468 1218 546 1283 fiant,
561 1220 779 1293 apparetorigo:

175 1300 271 1371 Janua
284 1318 318 1353 ne
328 1297 372 1354 his
387 1297 456 1354 Orci
471 1299 566 1372 potius
576 1298 734 1372 regionibus
748 1296 799 1353 effe

183 1378 323 1433 Credatur
337 1377 423 1452 posta,
435 1376 502 1432 hinc
514 1377 620 1435 animas
634 1374 804 1433 Acheruntis
817 1375 848 1430 in
862 1393 924 1433 oras

184 1459 292 1513 Ducere
305 1457 374 1513 forte
387 1458 451 1514 deos
462 1456 569 1513 Maneis
584 1456 692 1512 inferne
705 1474 831 1513 reamur:

183 1539 309 1593 Naribus
322 1538 444 1612 alipedes
452 1552 482 1592 ut
495 1539 570 1591 ccrvi
582 1537 652 1612 saepe
666 1552 801 1612 putantur

182 1618 293 1675 Ducere
306 1618 341 1673 de
352 1618 461 1673 latebris
475 1617 613 1691 serpentia
627 1618 701 1673 saecla
715 1618 850 1675 ferarum.

184 1697 272 1774 Quod
287 1699 387 1773 procul
399 1719 415 1753 a
425 1717 489 1753 vera
498 1714 581 1769 quarn
596 1699 626 1752 lit
640 1698 745 1754 ratione
758 1699 912 1776 repulsum,

184 1779 314 1854 Percipe:
331 1777 517 1852 namqueipsa
529 1776 563 1831 de
577 1797 605 1831 re
619 1798 693 1834 nunc
707 1779 796 1835 dicere
809 1798 907 1837 conor.

228 1859 375 1933 Principio
385 1856 437 1912 hoc
447 1857 522 1920 dicu,
535 1858 681 1931 quoddixi
693 1858 881 1933 saepequoque
891 1874 964 1927 ante,

185 1941 220 1994 ln
235 1955 306 1996 terra
320 1939 450 2014 cujusque
465 1938 542 1993 modi
556 1959 647 1993 rerum
661 1936 711 1993 effe
726 1941 842 2014 figuras:

183 2021 285 2085 Multa,
302 2019 411 2074 homini
425 2038 485 2093 qua
499 2018 561 2074 sunt
574 2019 686 2073 vitalia:
703 2023 843 2092 multaque
856 2019 968 2076 morbos

184 2099 323 2164 Incutcre,
335 2115 361 2153 et
373 2114 490 2154 mortem
500 2119 561 2173 quaa
573 2097 675 2173 poffint
686 2100 846 2156 acceleraret

186 2180 220 2233 Et
231 2181 319 2254 magis
333 2179 382 2234 effe
391 2178 450 2234 aliis
463 2179 529 2234 alias
543 2179 729 2235 animantibus
741 2195 818 2254 aptas

186 2260 241 2314 Res
254 2260 289 2314 ad
303 2260 370 2314 vitai
385 2259 530 2324 rationem,
547 2257 713 2315 ostendimus
725 2276 799 2324 ante,
835 2324 837 2328 ,

186 2339 306 2414 Propter
318 2339 477 2395 diffimilem
490 2353 630 2404 naturam,
645 2339 853 2417 diffimileifque

184 2421 320 2475 'I'exturas
334 2421 406 2474 inter
419 2417 483 2483 sese,
499 2418 657 2494 primasque
671 2421 787 2497 figuras:

185 2501 276 2556 Multa
287 2514 378 2555 meant
388 2497 503 2554 inimica
513 2519 562 2574 per
571 2500 671 2564 aureis,
687 2503 775 2556 multa
789 2521 840 2578 per
854 2505 925 2580 ipsas

187 2581 331 2636 Infinuant
341 2580 432 2636 nareis
442 2578 536 2634 infesta
546 2595 627 2654 atque
640 2579 732 2654 aspera
746 2581 846 2639 odore:
900 2589 902 2592 ⁴

185 2662 242 2716 Nec
257 2659 319 2715 sunt
331 2661 418 2715 multa
431 2678 531 2734 parum
545 2659 616 2714 tadu
629 2659 753 2726 vitanda,
768 2678 923 2722 necantem

184 2737 304 2815 Aspedu
317 2738 461 2815 fugienda,
474 2739 624 2814 saporeque
637 2736 722 2794 'tristia
735 2760 795 2814 quae
809 2741 872 2799 fint.

184 2819 293 2875 Deinde
303 2820 395 2874 videre
408 2819 471 2873 licet
483 2838 565 2892 quam
578 2820 671 2874 multae
686 2818 736 2874 lint
750 2818 857 2877 homini
871 2844 913 2881 res

184 2900 296 2955 Acriter
307 2897 404 2953 infesto
418 2898 503 2963 sensu,
518 2899 686 2973 spurcaeque,
702 2901 859 2976 gravesque.

184 2979 345 3035 Arboribus
359 2979 484 3053 primum
499 2979 578 3033 certis
592 2981 682 3054 gravis
696 2982 794 3037 umbra
807 2982 955 3055 tributa'st,

186 3058 360 3134 Usqueadeo‚
376 3058 474 3132 capitis
485 3056 587 3115 faciant
601 3073 633 3114 ut
647 3060 716 3134 saepe
728 3060 849 3132 dolores,

185 3139 214 3196 Si
224 3139 286 3212 quis
300 3158 343 3194 cas
357 3139 449 3194 subter
453 3138 542 3214 jacuit
556 3139 706 3214 prostratus
718 3140 749 3194 in
764 3139 868 3205 herbis.

229 3218 274 3273 Est
287 3219 372 3274 etiarn
387 3219 416 3273 in
427 3219 533 3293 magnis
545 3219 690 3275 Heliconis
700 3221 842 3283 montibus
852 3232 933 3288 arbo,

187 3299 275 3354 Pluris
290 3298 374 3355 odore
384 3296 524 3354 hominem
536 3313 606 3354 tetro
617 3298 743 3355 consueta
756 3318 867 3367 necare.

186 3378 296 3434 Scilicet
306 3377 364 3434 hec
377 3378 440 3434 idco
454 3377 532 3436 terris
542 3398 577 3436 ex
589 3379 685 3436 omnia
699 3380 814 3456 surgunt

874 3469 978 3530 utute
