2359 3875
282 442 343 491 ιιι
461 414 501 486 T.
539 415 926 489 LUCRETII

279 549 445 629 Quinetiam
458 549 574 625 gallum,
590 548 698 606 nociem
707 548 945 625 explaudentibur
959 549 1010 605 alis

275 633 418 687 Auroram
431 631 502 686 clara
515 628 676 687 consuetum
690 649 758 686 voce
771 649 882 696 vocare,

276 712 361 767 Nenu
374 725 480 785 queunt
493 710 585 787 rapidi
599 726 694 767 contra
708 709 830 767 constare
842 711 947 773 leones,

275 790 367 865 Inque
380 791 468 847 tueri:
492 792 532 847 ita
545 792 682 847 continuo
691 791 841 846 meminere
852 788 948 866 fugai:

279 871 437 938 Nimirum,
450 872 517 945 quia
529 870 592 927 sunt
605 872 742 945 gallorum
755 871 785 926 in
795 889 914 945 corpore
926 869 1053 945 quedem

274 951 404 1016 Semina;
427 970 499 1026 que,
515 971 579 1006 cum
594 950 658 1008 sunt
669 950 757 1007 oculis
771 948 890 1007 immissa
904 951 1031 1016 leonum,

275 1032 401 1106 Pupillas
415 1030 619 1096 interfodiunt;
644 1050 791 1105 acremque
803 1031 930 1087 dolorem

274 1106 415 1177 Praebent3
439 1128 471 1167 ut
480 1128 619 1187 nequeant
632 1128 728 1168 contra
740 1110 842 1168 durare
854 1109 977 1177 ferocem

276 1194 351 1249 Cum
365 1207 455 1248 tamen
470 1189 527 1248 haec
540 1191 644 1249 nostras
657 1193 728 1249 acies
740 1191 782 1247 nit
794 1192 893 1248 laedere
906 1190 1024 1267 poffint:

274 1275 338 1330 Aut
350 1273 415 1349 quia
428 1293 488 1330 non
503 1288 670 1349 penetrant3
694 1288 741 1329 aut
754 1272 832 1347 quod
852 1272 1063 1348 penetrantibus

399 1354 455 1410 illis
751 1379 754 1382 ¹

275 1435 378 1491 Exitus
388 1454 423 1490 ex
435 1434 523 1490 oculis
533 1434 606 1490 liber
618 1433 720 1498 dature
745 1436 777 1490 in
790 1433 937 1491 remeando

277 1514 389 1571 Laedere
402 1534 436 1570 ne
449 1514 551 1590 poffint
564 1534 599 1570 ex
613 1516 671 1570 ulla
683 1515 793 1571 lumina
805 1530 893 1591 parte.

319 1596 404 1651 Nunc
416 1613 477 1670 age,
487 1612 547 1667 quae
561 1610 689 1651 moveant
700 1595 829 1652 animum
840 1616 892 1662 rer,
908 1594 1021 1669 accipe·,
1038 1606 1067 1650 ee

232 1746 234 1749 y
397 1674 484 1741 unde,

276 1757 349 1832 Quae
361 1756 493 1819 veniunt,
507 1756 621 1812 veniant
633 1755 664 1811 in
679 1769 810 1823 mentem,
826 1756 939 1831 percipe
950 1755 1061 1832 paucis.

275 1836 423 1910 Principio
437 1834 577 1901 boudin),
593 1856 687 1891 rerum
700 1836 842 1893 simulacra
856 1837 952 1911 vagari

275 1917 369 1974 Multa
382 1916 474 1974 modis
484 1917 581 1974 multis
594 1916 625 1973 in
635 1914 744 1974 cunetas
758 1918 885 1994 undique
898 1920 1001 1993 parteis

274 1998 403 2065 Tenuia3
427 2017 489 2073 qun
502 1997 581 2055 facile
596 1997 669 2053 inter
680 1998 873 2075 sejunguntur
884 1998 916 2054 in
929 2000 1017 2066 auris,

277 2077 373 2136 Obvia
386 2099 451 2134 cum
461 2079 596 2136 veniunt:
621 2092 653 2135 ut
662 2097 772 2142 aranea,
786 2078 946 2153 braiieaque
957 2082 1031 2138 auri.

277 2161 398 2236 Quippe
408 2159 510 2215 etenim
523 2159 614 2215 multo
625 2160 714 2235 magis
723 2157 781 2214 haec
795 2159 859 2214 sunt
869 2159 964 2216 tenuia
975 2175 1063 2224 textu,

275 2242 372 2316 Qpam
385 2259 446 2314 quae
460 2239 622 2314 percipiunt
635 2241 741 2305 oculos,
755 2238 900 2313 visumque
912 2239 1060 2298 laeeffunt:

275 2320 414 2394 Corporis
423 2317 624 2392 haecquoniam
636 2334 782 2394 penetrant
791 2339 839 2394 per
849 2340 921 2383 ram
936 2321 1066 2397 cientque

272 2399 399 2456 Tenuem
409 2399 498 2456 animi
509 2412 635 2456 naturam
642 2400 734 2464 intus3
751 2398 1060 2474 sensumquelaceliunt.
1080 2455 1082 2460 ,

275 2481 430 2536 Centauros
443 2479 546 2554 itaque,
563 2493 589 2534 et
602 2479 759 2555 Scyllarum
773 2479 1048 2547 membra'videmus,

274 2559 475 2634 Cerbereasque
484 2579 586 2617 canum
598 2557 696 2624 faciem
721 2560 917 2634 simulacraque
930 2579 1041 2637 eorum,

275 2643 412 2718 Quorum
426 2655 515 2697 morte
523 2639 600 2696 obita
613 2641 692 2703 tellus
701 2638 957 2717 ampleffiruroffa:

275 2722 370 2778 Omne
383 2740 470 2797 genus
484 2720 619 2794 quoniam
634 2719 730 2795 paffirn
742 2721 882 2789 simulacra
894 2719 1037 2787 feruntur3

274 2803 384 2858 Partim
396 2801 494 2876 sponte
508 2799 554 2854 sua
565 2818 625 2871 quae
638 2801 712 2856 fiunt
724 2820 784 2857 aere
797 2803 828 2856 in
842 2801 921 2876 ips0;

273 2883 380 2938 Partim
394 2900 453 2954 quae
468 2880 553 2934 variis
567 2881 601 2934 ab
616 2881 695 2936 rebus
705 2901 823 2955 cumque
837 2879 986 2946 receduntr

274 2963 311 3017 Et
323 2982 383 3036 quae
396 2958 544 3015 confistunt
556 2978 590 3021 ex
604 2958 696 3014 horun
710 2960 778 3016 facia
792 2961 905 3038 figurist

272 3043 348 3097 Nam
362 3053 434 3096 certe
444 3059 478 3094 ex
491 3040 558 3095 vivo
570 3040 707 3097 Centauri
720 3061 776 3099 nou
790 3042 821 3097 fit
833 3041 944 3118 imago:
963 3096 966 3103 ,

271 3122 359 3177 Nulla
369 3118 422 3177 fuit
435 3119 570 3195 quoniam
585 3119 645 3177 talis
658 3137 757 3178 natura
769 3121 911 3177 animalis.

270 3200 380 3262 Verum
388 3201 437 3256 ubi
446 3198 806 3275 equi‚atquehominiscasu
813 3201 1055 3278 convenitirnngm

268 3281 401 3339 Haerescit
414 3279 493 3337 facile
507 3281 662 3357 extemplo,
674 3279 750 3355 quod
763 3280 888 3344 diximus
900 3298 976 3348 ante,

259 3363 390 3440 'Propter
404 3361 529 3425 subtilem
542 3375 684 3443 namnam,
696 3377 726 3418 et
740 3363 835 3438 tenuia
848 3374 933 3421 texta.

311 3458 313 3462 ’
953 3443 1059 3502 Caetera
