2359 3875
230 396 428 464 tinuit
463 392 810 465 SECUNDUS.
925 418 968 484 53

206 520 261 577 Non
273 522 352 596 quod
367 523 454 588 multa
470 541 571 597 parum
591 521 748 578 communis
761 521 854 578 littera
866 530 976 581 cuman

202 602 253 656 Aut
265 603 341 656 nulla
356 603 430 658 inter
444 601 468 656 se
481 601 538 657 duo
559 602 659 658 sint-ex
672 601 803 656 omnibus
818 597 919 652 isdem:

201 681 244 735 Sed
254 682 321 754 quia
331 700 392 737 non
403 682 487 755 volgo
497 682 575 755 paria
584 682 718 737 omnibus
726 678 821 735 omnio
833 674 967 733 constant.

199 760 235 815 Sic
249 761 310 815 aliis
324 760 356 816 in
365 761 446 816 rebus
459 761 527 814 item
538 761 700 815 communia
712 760 811 824 multa,

197 838 352 895 Multarum
366 858 463 894 rerum
477 859 542 894 cum
557 839 608 894 fint
621 837 787 913 primordia,
802 839 884 913 longe

196 919 328 975 Diffimili
344 933 438 974 tamen
452 920 526 974 iuter
538 918 563 973 se
575 916 715 973 confissere
728 916 835 974 summa
889 965 891 970 .

196 996 324 1057 Poffunt:
343 1012 374 1053 ut
389 998 489 1053 merito
503 1018 537 1053 ex
550 996 612 1053 aliis
624 996 744 1053 constare
756 996 880 1053 ferantur

194 1078 358 1136 Humanum
371 1096 470 1152 genus,
485 1096 515 1132 ac
527 1076 631 1151 fruges,
646 1076 808 1151 arbustaque
821 1078 891 1132 laeta.

234 1160 292 1215 Nec
305 1174 398 1213 tamen
413 1156 586 1211 omnimodis
596 1155 721 1211 conuecti
732 1154 805 1231 poffe
819 1148 980 1231 putandu'ss

196 1236 315 1294 Omnia:
332 1256 399 1292 nam
414 1238 498 1311 volgo
512 1236 571 1299 ficri
584 1251 711 1311 portenta
724 1234 849 1298 videres3
894 1253 900 1265 ·

195 1316 341 1373 Semifcras
355 1315 504 1371 hominum
518 1314 620 1390 species
632 1315 762 1379 exisser03
776 1330 802 1371 ct
815 1317 884 1370 altos

195 1397 341 1452 Interdum
357 1414 448 1452 ramos
460 1395 554 1471 egigni
568 1415 688 1470 corpore
701 1396 787 1459 vivo;
887 1461 889 1468 Ι

195 1477 341 1549 Multaque
355 1473 480 1546 conneeii
496 1474 630 1531 terrestria
644 1475 766 1530 membra
781 1471 913 1531 marinis:
945 1484 949 1492 '

193 1556 267 1612 Tum
282 1558 424 1612 flammam
439 1570 508 1610 tetro
520 1554 670 1629 spiranteis
680 1574 728 1610 ore
742 1552 897 1626 Chimaeras

155 1698 157 1703 .
195 1637 303 1692 Pascere
318 1648 447 1690 naturam
462 1654 512 1709 per
526 1650 610 1690 terras
623 1634 852 1709 omniparentis.

197 1718 331 1792 Quorum
344 1714 387 1770 nil
401 1714 460 1770 ficri
473 1708 668 1769 manifestu'ss:
685 1714 782 1772 omnia
794 1715 907 1790 quando

195 1794 355 1851 Seminibus
370 1794 461 1861 certis,
477 1794 707 1869 eritngenetrice,
722 1810 810 1852 creata

195 1874 365 1932 Conservarc
379 1892 463 1950 genus
473 1873 618 1929 crescentia
631 1872 705 1951 posse
719 1874 862 1932 videmus.

237 1955 352 2012 Scilicet
366 1954 395 2010 id
409 1970 481 2010 certa
491 1954 550 2010 fieri
564 1955 671 2011 ratione
684 1951 827 2011 neccffc'st.

196 2039 269 2093 Nam
283 2034 332 2091 sua
341 2035 441 2108 cuique
455 2033 523 2090 cibis
536 2055 573 2088 eit
584 2036 716 2091 omuibus
729 2036 805 2090 intus
818 2037 849 2090 iu
860 2052 937 2094 artus

197 2118 326 2191 Corpora
338 2113 497 2180 discedunt3
522 2133 699 2189 connexaque
711 2116 917 2171 convenienteis

197 2195 332 2252 Efficiunt
345 2208 451 2250 motus:
473 2209 500 2249 at
514 2209 611 2250 contra
622 2195 711 2251 aliena
725 2193 852 2251 videmus

198 2275 321 2352 Rejicere
336 2274 365 2328 in
377 2288 459 2330 terras
470 2288 612 2330 naturam:
628 2275 768 2350 multaque
781 2277 858 2332 cecis

197 2355 375 2430 Corporibus
389 2351 529 2429 fugiunte
543 2373 658 2430 corpore
673 2354 774 2430 percita
789 2357 893 2432 plagis;

197 2437 269 2511 Quae
283 2453 375 2509 neque
388 2431 510 2489 couneffl
524 2434 653 2508 cuiquam
667 2451 793 2510 potuere,
804 2456 893 2512 neque
904 2439 980 2493 intra

196 2513 317 2571 Vitaleis
331 2526 423 2569 motus
436 2512 599 2579 consentire,
612 2527 692 2588 atque
705 2515 835 2582 animari.

238 2592 292 2650 sed
306 2612 342 2648 ne
354 2591 424 2648 forte
437 2608 516 2667 putes
525 2592 655 2650 animalia
668 2593 722 2648 sola
738 2596 827 2649 teneri

196 2674 317 2750 Legibus
330 2670 388 2728 his:
405 2671 498 2728 eadem
508 2672 633 2729 ratiosres
648 2673 777 2727 terminat
790 2674 900 2730 omneis

196 2755 270 2809 Nam
284 2753 373 2810 veluti
389 2765 446 2808 tota
455 2768 553 2809 natura
566 2751 707 2806 diffimiles
721 2751 784 2807 suut

198 2834 275 2889 Inter
286 2832 311 2887 se
326 2833 424 2907 genitae
437 2851 478 2887 res
488 2851 620 2907 quaeque3
639 2833 677 2886 ita
690 2851 829 2909 quamque
842 2831 977 2893 neceffe'st

196 2912 328 2967 Diffimili
340 2910 461 2966 constare
474 2912 562 2986 figura
572 2910 796 2986 principiorum.

196 2993 261 3047 Non
274 2991 350 3066 quod
363 2992 451 3046 multa
464 3010 565 3066 parum
574 2991 656 3046 limili
671 2991 720 3046 [int
734 2993 850 3068 praedita
864 2993 971 3064 formu

196 3071 246 3128 sed
259 3072 325 3145 quia
338 3066 490 3146 non'volgo
501 3071 577 3146 paria
586 3073 720 3126 omnibus
730 3075 825 3134 omnia
839 3074 971 3133 constent.

238 3149 350 3207 Semina
364 3170 427 3206 cum
443 3169 531 3225 porro
543 3150 660 3214 distent3
678 3148 774 3206 differe
787 3151 920 3211 neceffe'st

197 3229 360 3303 Intervalla²
372 3229 441 3295 vias,
455 3249 607 3297 connexus,
623 3224 759 3305 pondera,
777 3235 879 3308 plagas,

198 3307 367 3380 Concursus,
382 3325 489 3369 motus:
505 3330 566 3388 quae
576 3330 635 3366 non
648 3308 776 3370 animalia
788 3311 879 3370 solum
948 3377 950 3383 Α

561 3390 585 3444 E
594 3406 612 3468 3
769 3388 771 3393 ’
847 3388 978 3467 Corpora
