2359 3875
273 415 465 491 LIBER
510 415 875 491 SECUNDUS.
944 437 986 506 4¹

234 538 261 599 Ut
270 547 349 604 rideas
362 549 480 605 initium
494 562 587 605 motus
600 566 616 601 a
628 547 710 604 eorde
723 546 824 610 crearit

230 621 259 679 ir
268 628 397 703 animique
410 629 552 685 voluntate
568 626 599 683 id
613 627 758 704 procedere
770 627 910 702 primum:

229 699 279 761 iude
288 707 345 763 dari
356 726 443 784 porro
458 727 510 782 per
522 722 614 763 totum
626 727 740 783 corpur,
754 722 783 763 et
793 721 881 763 artur.

256 784 304 842 Nec
317 784 446 852 fimile'st,
459 801 491 843 ut
502 807 569 843 eurn
582 787 693 863 impulii
708 786 886 862 procedimus
894 781 962 850 iau,

226 858 319 923 Viribus
331 867 442 923 alterius
457 867 577 943 magnis,
593 886 746 943 magnoque
755 864 868 931 confina

226 939 280 999 Nam
292 960 349 1002 tum
362 946 508 1002 materiam
522 947 744 1022 totinacorporit
756 964 867 1002 omnem

222 1018 394 1101 Perspicuu'st,
408 1026 495 1083 nobit
507 1026 617 1094 invitia,
630 1027 681 1092 ire,
696 1027 827 1103 rapique,

157 1100 163 1107 ”
221 1096 340 1162 Doricum
353 1126 414 1163 eam
429 1104 588 1161 refrenavit
600 1109 783 1183 permembra
796 1108 937 1163 voluntat.

217 1178 297 1248 Jtmne
309 1187 388 1242 vider
399 1186 503 1263 igitur,
516 1205 687 1260 quamquam
701 1185 744 1241 vir
756 1202 848 1242 extera
857 1189 961 1243 multos

219 1258 294 1332 Penii,
308 1282 335 1321 et
347 1267 455 1322 invitor
468 1266 546 1341 cogit
559 1266 706 1341 procedere
718 1265 798 1342 sepe,

217 1336 422 1422 Pracipiteifque
437 1346 530 1421 rapit3
547 1358 637 1400 tamen
650 1344 702 1401 effe
713 1344 744 1400 in
758 1343 867 1421 pedore
879 1342 975 1399 nostro

218 1420 356 1497 Quiddam,
365 1426 445 1501 quod
455 1439 552 1480 contra
562 1444 699 1500 pugnare,
714 1424 875 1498 obstareque
886 1422 979 1499 poffit3

215 1500 335 1579 Cujusad
348 1507 502 1562 arbitrium
515 1523 627 1579 quoqne
638 1505 719 1579 copia
731 1505 857 1560 materiai

213 1580 473 1659 Cogiturinterdum
487 1582 557 1642 fleffi
569 1603 620 1661 per
633 1585 767 1649 membra,
782 1600 936 1661 peractus,

212 1659 239 1716 Et
248 1665 365 1743 projedia
381 1664 553 1730 refrenatur,
565 1679 692 1739 retroque
704 1664 818 1722 refidit?

243 1744 339 1820 Quare
345 1746 375 1801 in
382 1744 532 1801 femiuibus
538 1763 650 1820 quoque
656 1744 832 1801 idernfatcare
838 1740 984 1812 neceffe'st,

210 1819 260 1879 Effe
271 1826 355 1881 aliam
371 1842 472 1901 prater
486 1825 590 1901 plagae,
606 1840 634 1879 et
647 1822 771 1899 pondera
783 1825 892 1881 causam

208 1900 338 1972 Motibus,
353 1904 427 1962 unde
441 1904 499 1961 haec
513 1903 549 1961 est
564 1906 645 1961 nobis
658 1904 752 1961 innata
762 1904 892 1981 potestat:

205 1979 341 2042 Denihilo
354 1987 488 2060 quoniam
503 1985 564 2041 fieri
572 1986 615 2040 nii
630 1982 705 2060 poffe
717 1985 855 2042 videmur.

206 2062 312 2122 Pondus
326 2065 401 2120 euim
414 2063 556 2140 prohibet,
570 2084 606 2121 ne
617 2066 706 2141 plagia
719 2066 815 2121 omnia
826 2066 909 2131 fiant,
989 2084 991 2089 ’

205 2143 322 2201 Externa
335 2146 410 2219 quali
424 2145 465 2200 vit
480 2143 524 2200 fed
533 2165 568 2200 ne
579 2164 658 2200 mens
668 2143 876 2220 ipfaneteffum

204 2222 366 2281 Inteiiinutn
374 2223 472 2280 habeat
483 2223 587 2281 cunetis
602 2225 633 2280 iu
646 2226 726 2280 rebus
737 2224 865 2301 agendis,

202 2303 234 2359 Et
245 2305 354 2361 deridia
366 2303 439 2379 quafi
453 2319 570 2380 cogatur
580 2303 663 2372 ferre,
678 2305 806 2381 patique,

201 2383 233 2440 ld
245 2383 310 2443 facit
323 2385 460 2460 exiguum
473 2385 555 2441 Curat
564 2404 654 2442 auru
671 2383 893 2462 principiorum,

200 2463 255 2520 Nec
270 2454 384 2541 regione
397 2463 452 2519 loci
463 2479 546 2530 certa,
560 2484 610 2520 nec
625 2479 843 2540 tempore-certo.

238 2547 299 2602 Nec
314 2543 412 2618 stipata
424 2544 512 2620 magis
521 2542 577 2600 fuit
589 2565 716 2619 unquam
729 2546 853 2602 materiai

198 2623 305 2701 Copia·,
322 2643 371 2679 nec
387 2643 470 2698 porro
483 2624 634 2699 majoribus
647 2625 813 2682 intervallis.

196 2702 789 2780 Namnequeadaugefcitquicquam,neque
798 2705 907 2782 deperit
917 2709 995 2769 inde.

197 2787 382 2861 Quapropter
393 2802 453 2858 quo
462 2803 539 2840 nunc
552 2785 583 2839 in
596 2800 674 2841 motu
688 2785 896 2860 principiorum

197 2865 326 2940 Corpora
338 2861 418 2928 sunt,
435 2863 466 2920 iu
479 2863 577 2920 eodem
590 2864 710 2921 anteaiia
722 2881 798 2922 aetate
809 2865 903 2936 fuere3

197 2946 232 3000 Et
245 2941 358 3021 posthac
370 2942 479 3020 semper
490 2943 573 3000 smili
585 2944 691 3001 ratione
703 2945 839 3002 ferentur:

197 3025 233 3079 Et
247 3043 310 3098 quae
326 3023 495 3080 consuerunt
506 3025 596 3100 gigni,
612 3027 760 3102 gignentur
771 3026 865 3083 eadem

197 3102 384 3169 conditione,
398 3118 425 3158 et
437 3119 531 3170 erunt,
547 3117 573 3160 et
586 3105 713 3171 crescent,
729 3106 813 3180 inque
827 3109 970 3182 valebunt,

197 3186 346 3261 Quantum
358 3183 458 3257 cuique
467 3179 596 3241 datum'st
610 3205 660 3262 per
673 3185 774 3240 foedera
784 3189 904 3246 naturai.

195 3263 254 3318 Nec
267 3281 360 3318 rerum
373 3261 507 3335 summam
520 3280 691 3321 commutare
703 3265 759 3320 ulia
772 3265 856 3338 potest
870 3269 925 3327 vis.

195 3343 368 3417 Namneque
380 3361 436 3418 quo
446 3342 527 3420 poffit
539 3361 625 3421 genua
639 3345 730 3402 ullum
742 3347 867 3404 materiai
968 3411 970 3417 Α

584 3423 612 3481 D
625 3442 643 3506 3
850 3424 978 3506 Effugere
