2359 3875
210 423 250 491 aa
366 403 839 494 rtr'vcnnrrr

205 540 434 631 Quidnequea'u
459 554 539 611 finita
548 556 663 631 potestas
672 557 793 633 denique
802 558 927 634 quoique
987 557 992 565 ’

151 649 154 656 ·
204 635 336 710 Quanam
349 634 380 690 {it
394 635 509 701 ratione,
523 649 606 709 atque
618 638 670 692 alte
684 640 817 694 terminus
827 637 949 702 haerens3

203 714 261 769 Nee
275 716 355 771 toties
366 714 474 791 possent
488 716 638 791 generatim
647 718 720 775 saecla
729 717 828 774 referre

201 794 347 861 Naturam,
362 810 463 860 motus,
479 794 594 862 vidum,
606 799 749 873 moresque
762 818 796 873 pa
802 813 920 853 rentum.

241 874 318 930 Tum
338 893 435 951 poten,
456 874 590 949 quoniam
613 893 768 934 extremum
791 877 920 953 cujusque
942 896 988 932 ca-

324 973 424 1010 cumen
981 1015 983 1019 ,

198 1032 335 1110 Corporis
349 1033 384 1090 est
397 1035 520 1110 aliquod,
535 1035 621 1093 nostri
633 1036 710 1110 quod
723 1056 832 1092 temere
845 1034 935 1090 sensus

192 1113 258 1185 Jam
273 1129 432 1188 nequeunt3
449 1116 479 1171 id
492 1116 628 1172 nimirum
642 1118 696 1171 fine
708 1118 833 1191 partibus
846 1113 941 1180 exstat,

197 1194 234 1248 Et
247 1193 364 1250 minima
377 1195 479 1251 constat
491 1211 603 1259 natura3
628 1216 677 1250 nec
691 1195 746 1250 fuit
760 1216 883 1268 unquam

198 1272 291 1329 Perse
305 1273 448 1339 secretum,
464 1295 552 1349 neque
565 1272 676 1349 posthac
690 1273 740 1329 effe
750 1274 866 1329 valebit:

201 1354 330 1409 Alterius
344 1354 476 1427 quoniam
485 1354 520 1409 est
530 1356 621 1428 ipsum
631 1360 703 1428 pars,
717 1354 873 1427 primaque,
883 1352 984 1408 etima:

202 1433 273 1488 Inde
286 1435 356 1498 aliae,
371 1448 451 1507 atque
463 1435 522 1490 alia
535 1435 634 1489 similes
647 1454 680 1488 ex
694 1434 792 1488 ordine
808 1448 896 1506 partes

201 1513 327 1588 Agmine
340 1513 475 1568 condenso
488 1528 615 1568 naturam
628 1512 754 1587 corporis
768 1513 893 1586 explent.

203 1594 275 1667 Quae
288 1593 422 1667 quoniam
436 1592 520 1667 perse
533 1606 676 1665 nequeunt
689 1591 819 1656 constare,
831 1586 968 1646 neceffe'st

203 1672 325 1735 Haerere,
341 1685 372 1726 ut
386 1687 524 1745 nequeant
534 1673 590 1727 ulla
605 1672 710 1726 ratione
721 1672 824 1726 revelli.

203 1752 273 1806 Sunt
286 1751 375 1826 igitur
389 1750 473 1805 solida
486 1751 639 1827 primordia
652 1750 839 1826 fimplicitare:

201 1835 274 1907 Quae
285 1830 411 1885 minimis
425 1830 521 1906 stipata
536 1830 673 1885 enhaerent
687 1828 912 1905 partibusardie,

197 1912 263 1968 Non
278 1931 311 1966 ex
325 1912 448 1966 ullorum
461 1926 599 1967 conventu
613 1911 767 1974 conciliata,

198 1992 249 2048 Sed
261 1991 347 2067 magis
361 2006 458 2046 aeterna
470 1993 604 2066 pollentia
618 1991 809 2066 fimplicirate:

198 2072 282 2128 Unde
294 2090 384 2146 neque
399 2072 481 2126 avelli
495 2072 655 2145 quicquam,
672 2090 761 2144 neque
775 2068 900 2125 diminui
910 2071 926 2147 j
941 2090 970 2124 m

200 2153 337 2207 Concedit
349 2166 445 2206 natura
457 2150 591 2205 reservans
603 2151 702 2205 semina
716 2152 807 2205 rebus.

243 2232 375 2286 Praeterea
385 2231 433 2284 nifi
448 2233 500 2285 erit
512 2230 675 2294 minimum,
687 2229 845 2305 parviffima
858 2249 975 2305 quaeque

201 2310 508 2385 Corpora'constabunt
521 2329 555 2364 ex
570 2311 694 2385 partibus
709 2309 841 2374 infinitis3

201 2390 322 2464 Quippe
335 2390 383 2443 ubi
395 2389 520 2444 dimidiae
535 2391 622 2464 partis
638 2410 701 2464 pars
711 2389 816 2464 semper
828 2387 942 2444 habebit

201 2469 360 2524 Dimidiam
375 2483 492 2544 partem,
508 2488 557 2523 nec
569 2488 610 2523 res
620 2469 748 2543 perfiniet
759 2470 833 2524 ulla:

198 2549 274 2624 Ergo
282 2548 604 2614 aerumintersummam,
616 2548 815 2621 minimamque
823 2546 892 2622 quid
901 2548 983 2604 escit?

197 2630 265 2684 Non
278 2629 331 2682 erit
343 2643 374 2683 ut
388 2628 502 2684 distent:
527 2649 591 2683 nam
605 2628 732 2703 quamvis
745 2627 873 2682 funditus
885 2629 980 2683 omnis

198 2711 310 2765 Summa
320 2708 350 2761 fit
363 2708 485 2771 infinita,
503 2723 593 2762 tamen
607 2707 764 2783 parvissin'ra
778 2707 922 2780 quaesunt,
1001 2704 1004 2709 ’

194 2790 240 2842 Ex
250 2788 370 2842 infinitis
383 2787 543 2842 conflabunt
558 2788 682 2861 partibus
696 2806 781 2860 aeque.

198 2867 277 2942 Quoi
291 2869 422 2940 qnoniam
436 2866 506 2920 ratio
521 2867 649 2920 reclamat
662 2874 737 2931 vera,
751 2883 888 2945 negatque

197 2945 317 3012 Credere
329 2944 405 3020 poffe
415 2946 550 3009 animum,
568 2944 655 2999 vidus
667 2943 764 3001 fateare
778 2943 926 3015 neceffe'st‚

196 3024 257 3081 Effe
269 3045 299 3079 ea
309 3044 369 3098 quae
381 3024 466 3079 nullis
473 3024 532 3098 jam
546 3024 661 3099 praedita
674 3027 800 3098 partibus
813 3027 926 3093 exstent,

197 3106 233 3160 Et
244 3103 362 3160 minima
372 3101 600 3158 condemnatura
612 3122 619 3157 :
643 3123 706 3178 quae·
716 3106 850 3178 quoniam
863 3106 938 3175 sunt,

196 3185 251 3241 Illa
261 3202 371 3257 quoque
384 3182 432 3240 effe
447 3183 498 3238 tibi
511 3182 607 3249 solida,
624 3198 703 3256 atque
718 3185 980 3243 aetemafatendum.

238 3262 367 3338 Denique
376 3263 407 3318 ni
416 3262 546 3317 minimas
556 3261 586 3316 in
598 3262 698 3336 parteis
711 3263 807 3320 cunda-
820 3266 919 3323 resolvi

198 3343 306 3422 Cogere
319 3341 465 3410 confueffet
478 3361 571 3403 rerum
584 3356 683 3400 natura
695 3344 824 3414 creatrix,

209 3458 213 3463 ,
916 3424 984 3498 Jam
