2359 3875
283 420 349 489 126
439 414 480 487 T.
524 415 911 489 LUCRETII

279 552 347 608 Haee
360 552 447 628 igitur
459 549 567 627 possent
579 551 676 608 utendi
689 553 802 629 cognita
812 552 901 610 caussa

248 672 251 677 -
278 632 405 698 Credier,
418 652 453 688 ex
466 631 515 688 usu
528 649 589 703 quae
603 632 666 688 sunt
678 634 789 707 vitaque
802 649 922 709 reperta.

277 713 331 767 Illa
343 712 457 786 quidem
471 711 588 768 seorsum
602 711 780 780 suntornnia,
795 733 856 787 qua·
869 715 948 789 prius
962 713 1022 791 ipsa

277 792 361 857 Nata,
375 792 474 848 dedere
488 790 541 848 suae
554 791 614 867 post
628 793 756 849 notitiam
767 793 910 851 utilitatis:

254 936 256 943 y
278 873 347 947 Quo
361 891 457 949 genere
471 872 501 927 in
512 871 612 946 primis
622 873 722 938 sensus,
736 889 764 930 et
777 875 902 930 membra
915 873 1053 929 videmus.

276 953 374 1029 Quare
385 953 469 1009 etiam
482 968 563 1027 atque
575 952 658 1010 etiam
671 956 769 1031 procul
778 952 815 1010 ell
828 969 859 1009 ut
872 954 984 1010 eredere
995 952 1057 1029 pos-

356 1033 399 1097 sis,

275 1113 413 1171 Utilitatis
426 1113 462 1170 ob
477 1112 603 1171 officium
617 1112 733 1189 potuisse
746 1114 843 1170 creari.

318 1193 393 1250 Illud
402 1193 468 1250 item
480 1214 536 1251 non
547 1193 583 1250 cll
598 1194 770 1259 mirandum,
785 1194 912 1269 corporis
922 1194 982 1271 ipsa

273 1274 362 1351 Quod
377 1289 474 1331 natura
487 1275 581 1331 eibum
594 1274 693 1348 quaerit
704 1274 858 1348 quoiusque
871 1275 1033 1331 animantis.

273 1355 394 1433 Quippe
415 1355 515 1416 etenim
530 1355 635 1421 liuere,¹
648 1369 729 1429 atque
743 1354 865 1411 recedere
878 1376 998 1431 corpora
1014 1375 1055 1411 re»

356 1436 406 1491 bus
875 1485 878 1490 .

271 1516 364 1572 Multa
376 1515 468 1573 modis
481 1517 575 1572 multis
587 1516 689 1581 docui·,
705 1514 750 1571 sed
765 1515 889 1591 plurima
901 1514 1003 1572 debent

272 1596 317 1651 Ex
328 1595 493 1652 animalibus
507 1596 550 1660 iis,
561 1616 622 1670 quae
636 1596 699 1652 sunt
708 1598 828 1653 exercita
842 1610 936 1662 motu3

271 1678 419 1751 Multaque
432 1695 482 1750 per
491 1676 619 1733 sudorem
632 1697 665 1732 ex
678 1678 734 1731 alto
750 1675 985 1751 pressaseruntur,

270 1758 364 1814 Multa
379 1776 429 1831 per
441 1776 471 1811 os
479 1756 655 1821 exhalantur,
666 1776 752 1830 quom
766 1756 898 1833 languida
910 1755 1052 1813 anhelant.

270 1838 327 1894 His
339 1837 426 1912 igitur
438 1837 518 1893 rebus
531 1836 639 1892 rarescit
650 1856 768 1912 corpus;
785 1852 811 1891 et
823 1837 916 1892 omnis

271 1917 423 1974 Subruitur
435 1933 545 1984 natura,
559 1917 642 1974 dolor
650 1936 732 1992 quam
744 1917 922 1992 consequitur
935 1938 1010 1975 rem:
1024 1912 1027 1915 ⁷

269 2001 421 2073 Propterea
435 1998 543 2073 eapitur
556 1999 646 2063 cibus,
662 2011 693 2054 ut
707 1996 842 2055 suffulciat
855 2013 941 2062 artus,

271 2080 307 2135 Et
320 2094 420 2136 recreet
433 2072 515 2135 vireis
523 2078 685 2145 interdatur,
700 2092 782 2152 atque
791 2092 929 2154 patentem

271 2161 327 2216 Per
339 2162 504 2216 membrano
517 2179 600 2215 venas
613 2173 644 2221 ut
657 2178 780 2215 amorem
792 2160 903 2215 obturet
916 2159 1030 2217 edendi.

269 2241 383 2296 Humor
395 2240 461 2295 item
473 2239 587 2295 discedit
600 2239 631 2293 in
640 2238 735 2294 omnia
748 2259 809 2314 quae
821 2241 881 2294 loen
893 2258 1006 2314 cunque

204 2365 208 2371 .
271 2319 393 2376 Poscunt
404 2318 567 2382 humorem3
585 2319 789 2396 glomerataque
797 2321 884 2375 multa
896 2322 1008 2394 vaporis

271 2401 412 2474 Corpora,
424 2419 485 2475 quae
498 2396 637 2455 slomacho
650 2398 773 2473 praebent
786 2399 914 2456 incendia
926 2399 1030 2463 noslro.

270 2479 401 2554 Dissupat
410 2478 558 2536 adveniens
570 2478 674 2551 liquor,
685 2498 715 2533 ac
728 2479 884 2555 restinguit,
898 2493 930 2536 ut
942 2479 1048 2556 ignem,

270 2561 360 2618 Urere
372 2580 407 2616 ne
419 2559 500 2636 possit
512 2561 587 2616 calor
600 2560 722 2634 amplius
734 2559 920 2616 aridusartus.

271 2643 318 2698 Sic
327 2641 415 2718 igitur
425 2641 475 2699 tibi
488 2639 586 2697 anhela
600 2639 656 2695 sitis
668 2639 702 2693 de
715 2659 832 2715 corpore
844 2638 937 2695 nostro

271 2722 418 2788 Abluitur,
434 2721 467 2777 fic
480 2722 610 2796 expletur
617 2721 713 2796 jejuna
725 2719 843 2795 cupido.

314 2803 401 2860 Nunc
410 2802 461 2874 qui
475 2801 533 2865 fiat,
549 2800 588 2857 uti
604 2799 693 2872 passus
706 2799 830 2874 prolerre
841 2821 986 2876 queamus,

271 2884 346 2938 Cum
358 2883 495 2946 volumus,
508 2880 636 2952 varieque
645 2878 742 2934 datum
752 2880 782 2935 st
791 2883 916 2937 membra
924 2900 1046 2947 movere3

271 2964 307 3018 Et
320 2980 380 3035 quae
395 2975 556 3016 certantum
570 2957 622 3013 hoc
636 2958 727 3021 oneris
739 2962 901 3034 protrudere
914 2960 999 3018 noslri
1028 2999 1030 3003 -

272 3041 409 3116 Corporis
422 3039 550 3105 insuerit,
562 3037 669 3094 dicam:
687 3053 716 3096 tu
730 3040 844 3117 percipe
857 3041 941 3097 disla.

271 3123 347 3178 Dico
359 3122 452 3177 animo
465 3121 556 3178 noslro
571 3119 696 3194 primum
706 3119 844 3177 simulacra
857 3121 969 3179 meandi

272 3202 419 3268 Accidere,
431 3217 512 3275 atque
525 3201 649 3256 animum
662 3199 779 3274 pulsare,
791 3217 822 3256 ut
833 3201 959 3259 diximus
972 3217 1046 3260 ante.

272 3283 343 3338 lude
355 3284 483 3350 voluutas
497 3282 541 3338 st:
564 3280 737 3354 nequeenim
750 3279 837 3349 facere
849 3281 952 3359 incipit
965 3285 1049 3339 ullam

274 3360 1050 3443 Remquisquatu,quarnmensprouidit,quidvelit,ante.

995 3447 1048 3508 At,
