2359 3875
216 489 219 494 -
286 439 761 513 rrnrnrrxrur
865 440 948 533 aa
1004 489 1080 506 ,.

151 571 216 629 Poll
229 573 574 650 ubicommovitvisejur‚
589 573 863 649 etimpetusacer.·'
903 621 906 627 .
932 555 946 570 ⁸

149 654 230 709 Tum
240 654 444 729 perterricrepo
457 653 548 709 sonitu
561 654 608 709 dat
620 653 697 709 milia
706 652 854 727 fragorem.

150 735 212 789 Nec
225 735 340 798 mirum,
357 754 419 790 cum
431 735 511 808 plena
521 733 621 790 animae
631 733 746 788 reficula
759 751 851 807 parva!

150 814 229 887 Saepe
242 813 281 868 ita
293 813 340 869 dat
354 814 458 888 pariter
470 813 589 869 sonitum
602 812 722 887 displosa
732 826 855 886 repente.

195 893 241 949 Est
254 894 336 948 eciam
350 894 433 959 ratio,
447 913 512 948 cum
525 893 602 949 venti
614 892 710 949 nubila
722 891 854 967 perflant,

151 974 215 1028 Cur
228 972 333 1029 sonitus
345 971 460 1028 faciant:
483 974 585 1027 etenim
600 971 703 1035 ramola
714 972 841 1028 videmus

153 1053 257 1108 Nubila
271 1052 338 1127 saepe
351 1052 441 1107 modic
452 1053 559 1117 multis,
575 1068 655 1125 atque
667 1051 759 1127 aspera
773 1051 853 1108 ferri.

156 1132 270 1188 Scilicet
284 1148 317 1187 ut
331 1133 456 1189 crebram
471 1132 576 1209 sylvam
590 1152 654 1188 curn
670 1131 782 1187 flamina
797 1131 885 1187 Cauri

157 1212 288 1277 Pallam,
301 1212 368 1267 dant
381 1210 501 1267 sonitum
510 1210 633 1276 frondes,
647 1211 770 1283 ramique
780 1210 915 1284 fragorem
924 1234 946 1278 ς,

156 1292 201 1346 Fit
214 1311 337 1365 quoque,
349 1307 382 1346 ut
393 1291 534 1347 interdum
549 1290 634 1347 validi
648 1293 690 1346 vis
704 1290 788 1345 incita
801 1290 877 1344 venti

155 1369 314 1427 Perfcindat
328 1372 431 1428 nubem
446 1371 618 1445 perfringens
630 1372 733 1445 impete
746 1367 829 1423 reflo.

156 1452 229 1506 Nam
243 1450 311 1525 quid
326 1450 461 1525 poffitgibi
474 1452 565 1516 flatus,
581 1449 720 1506 manifesta
733 1448 814 1506 docet
827 1466 880 1505 res·
935 1470 938 1477 ’

157 1530 226 1597 Hic,
242 1530 293 1586 ubi
302 1531 391 1586 lenior
403 1529 451 1596 est,
466 1530 496 1586 in
510 1546 579 1586 terra
592 1551 655 1586 curn
670 1545 759 1586 tamen
772 1530 825 1584 alta

157 1609 279 1667 Arbulla
292 1612 420 1666 evolvens
434 1610 571 1667 radicibus
585 1608 678 1668 haurit
687 1612 720 1665 ab
735 1610 809 1665 imis.

200 1690 269 1746 Sunt
283 1691 366 1745 etiam
380 1689 653 1766 llulluspernubila‚
668 1690 717 1764 qui
727 1690 938 1765 quafimurmur

157 1769 232 1825 Dant
242 1769 423 1845 infringendo
437 1771 569 1845 graviter:
594 1770 670 1843 quod
680 1772 747 1826 item
763 1770 836 1826 lirin
849 1771 912 1826 altir

158 1850 343 1914 fluminibus,
358 1868 515 1924 magnoque
528 1851 608 1914 mari,
624 1871 688 1906 cum
702 1849 840 1924 frangitur
852 1848 925 1905 aestu.

202 1932 247 1986 Fit
260 1931 431 2005 quoqueubi
441 1950 455 1986 e
465 1930 840 1988 nubeinnubemvisincidit
849 1928 946 1986 ardens

158 2011 312 2074 Fulminir·,
336 2007 393 2065 haec
403 2011 496 2066 'multo
510 2011 527 2067 fr
539 2011 608 2067 forte
621 2010 738 2066 humore
751 2010 853 2084 recepit

160 2092 268 2164 Ignem,
280 2088 412 2145 continuo
425 2105 456 2146 ut
466 2111 567 2166 magno
577 2094 696 2148 clamore
710 2089 844 2146 trucidet:

159 2169 200 2225 Ut
212 2169 308 2226 calidis
322 2170 440 2225 candens
451 2168 555 2226 ferrum
569 2192 582 2226 e
596 2169 752 2228 fornacibus
763 2171 832 2225 olim

157 2249 265 2314 stridit,
276 2248 324 2305 ubi
331 2249 359 2303 in
367 2250 488 2324 gelidum
497 2270 615 2326 propere
623 2247 937 2306 demerlimusimbrem.

200 2327 321 2383 Aridior
335 2348 418 2403 porro
433 2329 450 2384 fi
464 2333 549 2386 nubes
562 2331 662 2387 accibit
674 2332 784 2407 ignem,

157 2408 260 2465 Uritur
272 2407 378 2482 ingenti
394 2408 484 2465 sonitu
498 2410 622 2466 succensa
633 2427 744 2486 repente
749 2431 760 2486 ,¹

119 2555 123 2562 ι
158 2487 338 2543 lauricomos
351 2488 470 2564 utliper
483 2491 602 2546 montcis
615 2492 727 2547 flamma
739 2505 871 2566 vagetum
938 2523 940 2532 ·

157 2568 286 2624 Turbine
299 2582 449 2624 ventorum
463 2571 627 2626 comburens
641 2571 746 2644 impete
760 2589 871 2644 magno.

158 2648 217 2702 Nec
233 2666 274 2701 res
286 2647 344 2702 ulla
357 2649 455 2723 magis,
469 2669 551 2722 quarn
566 2648 663 2704 Phoebi
678 2649 813 2723 Delphica
827 2651 928 2705 laurus
939 2682 942 2687 -

157 2725 294 2783 Terribili
305 2723 398 2783 fortitu
413 2727 523 2785 flamma
536 2729 687 2803 crepitante
699 2748 848 2784 crematur.
909 2734 912 2743 '

202 2797 331 2886 Denique
344 2806 410 2881 laepe
424 2809 481 2882 geli
493 2810 604 2864 multus
612 2808 715 2883 fragor
729 2824 809 2884 atque
823 2808 905 2864 ruina

159 2873 348 2974 Grandiqir,
341 2906 371 2940 ιιι
385 2890 492 2962 magnis
506 2888 631 2945 lonicum
642 2891 688 2944 dat
701 2890 823 2944 nubibus
835 2890 901 2944 alte.

158 2966 271 3021 Ventus
284 2964 359 3024 euim
369 2986 433 3021 curn
447 2966 592 3034 confercit‚
600 2966 792 3044 franguntur
785 2990 816 3024 ιιι
827 2967 936 3026 arflum

154 3044 294 3101 ¹Concreti
309 3060 413 3101 montes
427 3046 601 3115 nimborum
616 3065 643 3104 et
654 3049 789 3123 grandine
803 3048 890 3104 milli.

153 3123 321 3198 Fulgit
314 3139 392 3191 icem,
405 3127 512 3183 nubes
505 3127 577 3203 ignis
591 3149 655 3185 cum
669 3128 770 3183 lentina
780 3130 869 3185 multa

140 3158 334 3260 ‘flixcufferes
321 3203 366 3260 luo
376 3207 520 3273 concursu,
536 3208 579 3263 seu
595 3208 744 3282 lapidemfi

163 3261 302 3341 Percutiat
315 3283 397 3359 lapis,
409 3280 603 3352 autferrum,
589 3308 654 3344 nain
663 3302 723 3342 tum
731 3306 840 3363 quoque
848 3289 947 3347 lumem

164 3362 273 3432 Ειῦιίι,
288 3379 315 3422 et
326 3366 408 3427 clarat
421 3365 551 3428 scintillas
560 3367 702 3530 dgupat
695 3367 780 3443 ignit.
895 3444 960 3507 Ἃ

234 3495 242 3507 ·
627 3465 644 3530 3
941 3464 950 3532 ξ
