<?xml version="1.0" encoding="UTF-8"?>
<!DOCTYPE html PUBLIC "-//W3C//DTD XHTML 1.0 Transitional//EN"
    "http://www.w3.org/TR/xhtml1/DTD/xhtml1-transitional.dtd">
<html xmlns="http://www.w3.org/1999/xhtml" xml:lang="en" lang="en">
 <head>
  <title>
</title>
<meta http-equiv="Content-Type" content="text/html;charset=utf-8" />
  <meta name='ocr-system' content='tesseract 3.04.00' />
  <meta name='ocr-capabilities' content='ocr_page ocr_carea ocr_par ocr_line ocrx_word'/>
</head>
<body>
  <div class='ocr_page' id='page_1' title='image "./titilucretiicar03carugoog_0020.png"; bbox 0 0 2359 3875; ppageno 0'>
   <div class='ocr_carea' id='block_1_1' title="bbox 273 418 1045 497">
    <p class='ocr_par' dir='ltr' id='par_1_1' title="bbox 273 418 1045 497">
     <span class='ocr_line' id='line_1_1' title="bbox 273 418 1045 497; baseline -0.012 -2"><span class='ocrx_word' id='word_1_1' title='bbox 273 450 317 497; x_wconf 75' lang='lat' dir='ltr'>rr</span> <span class='ocrx_word' id='word_1_2' title='bbox 470 420 513 494; x_wconf 82' lang='lat' dir='ltr'>T.</span> <span class='ocrx_word' id='word_1_3' title='bbox 558 418 949 492; x_wconf 80' lang='lat' dir='ltr'><strong><em>LUCRETII</em></strong></span> <span class='ocrx_word' id='word_1_4' title='bbox 1042 428 1045 432; x_wconf 82' lang='grc'><strong>“</strong></span> 
     </span>
    </p>
   </div>
   <div class='ocr_carea' id='block_1_2' title="bbox 272 545 1044 1031">
    <p class='ocr_par' dir='ltr' id='par_1_2' title="bbox 275 545 926 628">
     <span class='ocr_line' id='line_1_2' title="bbox 275 545 926 628; baseline -0.015 -17"><span class='ocrx_word' id='word_1_5' title='bbox 275 553 321 611; x_wconf 79' lang='lat' dir='ltr'>sic</span> <span class='ocrx_word' id='word_1_6' title='bbox 330 554 398 612; x_wconf 82' lang='lat' dir='ltr'>alias</span> <span class='ocrx_word' id='word_1_7' title='bbox 410 570 521 628; x_wconf 88' lang='lat' dir='ltr'>quoque</span> <span class='ocrx_word' id='word_1_8' title='bbox 534 571 577 610; x_wconf 81' lang='lat' dir='ltr'>res</span> <span class='ocrx_word' id='word_1_9' title='bbox 589 552 664 609; x_wconf 88' lang='lat' dir='ltr'>inter</span> <span class='ocrx_word' id='word_1_10' title='bbox 675 549 701 607; x_wconf 90' lang='lat' dir='ltr'>se</span> <span class='ocrx_word' id='word_1_11' title='bbox 714 548 792 628; x_wconf 92' lang='lat' dir='ltr'>posse</span> <span class='ocrx_word' id='word_1_12' title='bbox 805 545 926 613; x_wconf 88' lang='lat' dir='ltr'>moveri,</span> 
     </span>
    </p>

    <p class='ocr_par' dir='ltr' id='par_1_3' title="bbox 273 628 982 786">
     <span class='ocr_line' id='line_1_3' title="bbox 274 628 982 707; baseline -0.017 -17"><span class='ocrx_word' id='word_1_13' title='bbox 274 633 312 690; x_wconf 81' lang='lat' dir='ltr'>Et</span> <span class='ocrx_word' id='word_1_14' title='bbox 323 648 432 691; x_wconf 85' lang='lat' dir='ltr'>mutare</span> <span class='ocrx_word' id='word_1_15' title='bbox 443 635 552 698; x_wconf 79' lang='lat' dir='ltr'>locum3</span> <span class='ocrx_word' id='word_1_16' title='bbox 575 632 703 707; x_wconf 86' lang='lat' dir='ltr'>quamvis</span> <span class='ocrx_word' id='word_1_17' title='bbox 716 632 766 688; x_wconf 90' lang='lat' dir='ltr'>sint</span> <span class='ocrx_word' id='word_1_18' title='bbox 778 628 874 686; x_wconf 88' lang='lat' dir='ltr'>omnia</span> <span class='ocrx_word' id='word_1_19' title='bbox 886 628 982 703; x_wconf 88' lang='lat' dir='ltr'>plena.</span> 
     </span>
     <span class='ocr_line' id='line_1_4' title="bbox 273 703 925 786; baseline -0.015 -14"><span class='ocrx_word' id='word_1_20' title='bbox 273 713 384 772; x_wconf 80' lang='lat' dir='ltr'>Scilicet</span> <span class='ocrx_word' id='word_1_21' title='bbox 396 713 427 770; x_wconf 93' lang='lat' dir='ltr'>id</span> <span class='ocrx_word' id='word_1_22' title='bbox 439 711 503 769; x_wconf 81' lang='lat' dir='ltr'>sassa</span> <span class='ocrx_word' id='word_1_23' title='bbox 516 727 607 770; x_wconf 87' lang='lat' dir='ltr'>totum</span> <span class='ocrx_word' id='word_1_24' title='bbox 619 712 726 770; x_wconf 88' lang='lat' dir='ltr'>ratione</span> <span class='ocrx_word' id='word_1_25' title='bbox 740 703 925 786; x_wconf 81' lang='lat' dir='ltr'>receptum&#39;ss.</span> 
     </span>
    </p>

    <p class='ocr_par' dir='ltr' id='par_1_4' title="bbox 272 782 1044 1031">
     <span class='ocr_line' id='line_1_5' title="bbox 272 782 1044 869; baseline -0.017 -18"><span class='ocrx_word' id='word_1_26' title='bbox 272 795 348 852; x_wconf 85' lang='lat' dir='ltr'>Nam</span> <span class='ocrx_word' id='word_1_27' title='bbox 362 813 420 869; x_wconf 80' lang='lat' dir='ltr'>quo</span> <span class='ocrx_word' id='word_1_28' title='bbox 433 792 600 869; x_wconf 78' lang='lat' dir='ltr'>squamigeri</span> <span class='ocrx_word' id='word_1_29' title='bbox 615 806 749 869; x_wconf 89' lang='lat' dir='ltr'>poterunt</span> <span class='ocrx_word' id='word_1_30' title='bbox 761 787 911 867; x_wconf 81' lang='lat' dir='ltr'>procedere</span> <span class='ocrx_word' id='word_1_31' title='bbox 924 782 1044 849; x_wconf 83' lang='lat' dir='ltr'>tandem,</span> 
     </span>
     <span class='ocr_line' id='line_1_6' title="bbox 273 870 984 950; baseline -0.014 -19"><span class='ocrx_word' id='word_1_32' title='bbox 273 874 314 931; x_wconf 89' lang='lat' dir='ltr'>Ni</span> <span class='ocrx_word' id='word_1_33' title='bbox 329 872 448 950; x_wconf 86' lang='lat' dir='ltr'>spatium</span> <span class='ocrx_word' id='word_1_34' title='bbox 460 872 589 930; x_wconf 84' lang='lat' dir='ltr'>dederint</span> <span class='ocrx_word' id='word_1_35' title='bbox 600 872 716 931; x_wconf 84' lang='lat' dir='ltr'>latices?</span> <span class='ocrx_word' id='word_1_36' title='bbox 737 870 885 927; x_wconf 82' lang='lat' dir='ltr'>concedere</span> <span class='ocrx_word' id='word_1_37' title='bbox 898 884 984 943; x_wconf 90' lang='lat' dir='ltr'>porro</span> 
     </span>
     <span class='ocr_line' id='line_1_7' title="bbox 274 942 1022 1031; baseline -0.017 -20"><span class='ocrx_word' id='word_1_38' title='bbox 274 955 345 1031; x_wconf 74' lang='lat' dir='ltr'>Quo</span> <span class='ocrx_word' id='word_1_39' title='bbox 359 969 491 1030; x_wconf 89' lang='lat' dir='ltr'>poterunt</span> <span class='ocrx_word' id='word_1_40' title='bbox 504 950 597 1017; x_wconf 79' lang='lat' dir='ltr'>unde,</span> <span class='ocrx_word' id='word_1_41' title='bbox 613 973 678 1009; x_wconf 87' lang='lat' dir='ltr'>curn</span> <span class='ocrx_word' id='word_1_42' title='bbox 691 952 778 1028; x_wconf 71' lang='lat' dir='ltr'>pisces</span> <span class='ocrx_word' id='word_1_43' title='bbox 790 952 831 1006; x_wconf 90' lang='lat' dir='ltr'>ire</span> <span class='ocrx_word' id='word_1_44' title='bbox 843 942 1022 1023; x_wconf 87' lang='lat' dir='ltr'>nequibunt?</span> 
     </span>
    </p>
   </div>
   <div class='ocr_carea' id='block_1_3' title="bbox 195 1028 1068 3357">
    <p class='ocr_par' dir='ltr' id='par_1_5' title="bbox 272 1028 1020 1110">
     <span class='ocr_line' id='line_1_8' title="bbox 272 1028 1020 1110; baseline -0.016 -19"><span class='ocrx_word' id='word_1_45' title='bbox 272 1036 336 1092; x_wconf 81' lang='lat' dir='ltr'>Aut</span> <span class='ocrx_word' id='word_1_46' title='bbox 347 1033 435 1110; x_wconf 79' lang='lat' dir='ltr'>igitur</span> <span class='ocrx_word' id='word_1_47' title='bbox 446 1049 524 1091; x_wconf 88' lang='lat' dir='ltr'>motu</span> <span class='ocrx_word' id='word_1_48' title='bbox 538 1028 743 1109; x_wconf 80' lang='lat' dir='ltr'>privandum&#39;st</span> <span class='ocrx_word' id='word_1_49' title='bbox 757 1043 874 1106; x_wconf 88' lang='lat' dir='ltr'>corpora</span> <span class='ocrx_word' id='word_1_50' title='bbox 884 1043 1020 1103; x_wconf 74' lang='lat' dir='ltr'>qunque3</span> 
     </span>
    </p>

    <p class='ocr_par' dir='ltr' id='par_1_6' title="bbox 272 1109 968 1171">
     <span class='ocr_line' id='line_1_9' title="bbox 272 1109 968 1171; baseline -0.013 0"><span class='ocrx_word' id='word_1_51' title='bbox 272 1114 337 1171; x_wconf 80' lang='lat' dir='ltr'>Aut</span> <span class='ocrx_word' id='word_1_52' title='bbox 349 1112 401 1171; x_wconf 82' lang='lat' dir='ltr'>esse</span> <span class='ocrx_word' id='word_1_53' title='bbox 413 1112 563 1171; x_wconf 76' lang='lat' dir='ltr'>admissum</span> <span class='ocrx_word' id='word_1_54' title='bbox 575 1109 732 1170; x_wconf 80' lang='lat' dir='ltr'>dicendu&#39;st</span> <span class='ocrx_word' id='word_1_55' title='bbox 746 1113 826 1168; x_wconf 82' lang='lat' dir='ltr'>rebus</span> <span class='ocrx_word' id='word_1_56' title='bbox 841 1127 948 1166; x_wconf 72' lang='lat' dir='ltr'>ruitur</span> <span class='ocrx_word' id='word_1_57' title='bbox 960 1128 968 1171; x_wconf 71' lang='grc' dir='ltr'><strong>ς</strong></span> 
     </span>
    </p>

    <p class='ocr_par' dir='ltr' id='par_1_7' title="bbox 273 1184 1059 1347">
     <span class='ocr_line' id='line_1_10' title="bbox 273 1184 1059 1271; baseline -0.015 -18"><span class='ocrx_word' id='word_1_58' title='bbox 273 1192 362 1253; x_wconf 83' lang='lat' dir='ltr'>Unde</span> <span class='ocrx_word' id='word_1_59' title='bbox 372 1193 478 1263; x_wconf 85' lang='lat' dir='ltr'>initum</span> <span class='ocrx_word' id='word_1_60' title='bbox 489 1194 617 1271; x_wconf 87' lang='lat' dir='ltr'>primum</span> <span class='ocrx_word' id='word_1_61' title='bbox 630 1194 719 1271; x_wconf 83' lang='lat' dir='ltr'>capiat</span> <span class='ocrx_word' id='word_1_62' title='bbox 733 1213 775 1249; x_wconf 78' lang='lat' dir='ltr'>res</span> <span class='ocrx_word' id='word_1_63' title='bbox 787 1209 901 1265; x_wconf 86' lang='lat' dir='ltr'>quaeque</span> <span class='ocrx_word' id='word_1_64' title='bbox 912 1184 1059 1244; x_wconf 88' lang='lat' dir='ltr'>movendi.</span> 
     </span>
     <span class='ocr_line' id='line_1_11' title="bbox 318 1271 928 1347; baseline -0.011 -15"><span class='ocrx_word' id='word_1_65' title='bbox 318 1274 460 1332; x_wconf 79' lang='lat' dir='ltr'>Postremo</span> <span class='ocrx_word' id='word_1_66' title='bbox 471 1275 531 1332; x_wconf 89' lang='lat' dir='ltr'>duo</span> <span class='ocrx_word' id='word_1_67' title='bbox 543 1274 579 1331; x_wconf 89' lang='lat' dir='ltr'>de</span> <span class='ocrx_word' id='word_1_68' title='bbox 591 1274 729 1332; x_wconf 82' lang='lat' dir='ltr'>concursu</span> <span class='ocrx_word' id='word_1_69' title='bbox 742 1291 861 1347; x_wconf 85' lang='lat' dir='ltr'>corpora</span> <span class='ocrx_word' id='word_1_70' title='bbox 873 1271 928 1325; x_wconf 81' lang='lat' dir='ltr'>lata</span> 
     </span>
    </p>

    <p class='ocr_par' dir='ltr' id='par_1_8' title="bbox 275 1345 968 1431">
     <span class='ocr_line' id='line_1_12' title="bbox 275 1345 968 1431; baseline -0.014 -18"><span class='ocrx_word' id='word_1_71' title='bbox 275 1354 305 1413; x_wconf 70' lang='lat' dir='ltr'>ti</span> <span class='ocrx_word' id='word_1_72' title='bbox 319 1358 374 1413; x_wconf 84' lang='lat' dir='ltr'>cita</span> <span class='ocrx_word' id='word_1_73' title='bbox 384 1356 532 1423; x_wconf 77' lang='lat' dir='ltr'>dissiliant3</span> <span class='ocrx_word' id='word_1_74' title='bbox 555 1375 658 1431; x_wconf 86' lang='lat' dir='ltr'>nempe</span> <span class='ocrx_word' id='word_1_75' title='bbox 670 1374 716 1410; x_wconf 89' lang='lat' dir='ltr'>aer</span> <span class='ocrx_word' id='word_1_76' title='bbox 728 1372 810 1409; x_wconf 89' lang='lat' dir='ltr'>omne</span> <span class='ocrx_word' id='word_1_77' title='bbox 823 1345 968 1413; x_wconf 83' lang='lat' dir='ltr'>necesse&#39;st,</span> 
     </span>
    </p>

    <p class='ocr_par' dir='ltr' id='par_1_9' title="bbox 273 1433 944 1513">
     <span class='ocr_line' id='line_1_13' title="bbox 273 1433 944 1513; baseline -0.01 -21"><span class='ocrx_word' id='word_1_78' title='bbox 273 1436 354 1493; x_wconf 84' lang='lat' dir='ltr'>Inter</span> <span class='ocrx_word' id='word_1_79' title='bbox 363 1456 483 1513; x_wconf 84' lang='lat' dir='ltr'>corpora</span> <span class='ocrx_word' id='word_1_80' title='bbox 495 1436 571 1510; x_wconf 90' lang='lat' dir='ltr'>quod</span> <span class='ocrx_word' id='word_1_81' title='bbox 583 1434 674 1503; x_wconf 83' lang='lat' dir='ltr'>suvat,</span> <span class='ocrx_word' id='word_1_82' title='bbox 689 1433 808 1511; x_wconf 85' lang='lat' dir='ltr'>possidat</span> <span class='ocrx_word' id='word_1_83' title='bbox 821 1454 855 1488; x_wconf 76' lang='lat' dir='ltr'>ru</span> <span class='ocrx_word' id='word_1_84' title='bbox 863 1450 881 1486; x_wconf 70' lang='grc' dir='ltr'><strong>Α</strong></span> <span class='ocrx_word' id='word_1_85' title='bbox 890 1451 944 1486; x_wconf 76' lang='lat' dir='ltr'>rte.</span> 
     </span>
    </p>

    <p class='ocr_par' dir='ltr' id='par_1_10' title="bbox 273 1509 962 1593">
     <span class='ocr_line' id='line_1_14' title="bbox 273 1509 962 1593; baseline -0.013 -19"><span class='ocrx_word' id='word_1_86' title='bbox 273 1515 306 1574; x_wconf 76' lang='lat' dir='ltr'>Ie</span> <span class='ocrx_word' id='word_1_87' title='bbox 319 1535 418 1593; x_wconf 88' lang='lat' dir='ltr'>porro,</span> <span class='ocrx_word' id='word_1_88' title='bbox 433 1516 560 1593; x_wconf 78' lang='lat' dir='ltr'>quamvis</span> <span class='ocrx_word' id='word_1_89' title='bbox 573 1517 680 1572; x_wconf 85' lang='lat' dir='ltr'>circum</span> <span class='ocrx_word' id='word_1_90' title='bbox 692 1513 876 1572; x_wconf 86' lang='lat' dir='ltr'>celerantibus</span> <span class='ocrx_word' id='word_1_91' title='bbox 889 1509 962 1567; x_wconf 86' lang='lat' dir='ltr'>auris</span> 
     </span>
    </p>

    <p class='ocr_par' dir='ltr' id='par_1_11' title="bbox 272 1594 1047 1673">
     <span class='ocr_line' id='line_1_15' title="bbox 272 1594 1047 1673; baseline 0.003 -21"><span class='ocrx_word' id='word_1_92' title='bbox 272 1595 419 1662; x_wconf 85' lang='lat' dir='ltr'>Confluat,</span> <span class='ocrx_word' id='word_1_93' title='bbox 435 1594 511 1653; x_wconf 86' lang='lat' dir='ltr'>haud</span> <span class='ocrx_word' id='word_1_94' title='bbox 523 1596 628 1673; x_wconf 88' lang='lat' dir='ltr'>poterit</span> <span class='ocrx_word' id='word_1_95' title='bbox 642 1610 733 1651; x_wconf 89' lang='lat' dir='ltr'>tamen</span> <span class='ocrx_word' id='word_1_96' title='bbox 748 1614 806 1652; x_wconf 89' lang='lat' dir='ltr'>uno</span> <span class='ocrx_word' id='word_1_97' title='bbox 820 1608 944 1669; x_wconf 91' lang='lat' dir='ltr'>tempore</span> <span class='ocrx_word' id='word_1_98' title='bbox 958 1609 1047 1654; x_wconf 85' lang='lat' dir='ltr'>totum</span> 
     </span>
    </p>

    <p class='ocr_par' dir='ltr' id='par_1_12' title="bbox 274 1672 1068 1753">
     <span class='ocr_line' id='line_1_16' title="bbox 274 1672 1068 1753; baseline 0.008 -22"><span class='ocrx_word' id='word_1_99' title='bbox 274 1676 419 1753; x_wconf 79' lang='lat' dir='ltr'>compleri</span> <span class='ocrx_word' id='word_1_100' title='bbox 429 1676 565 1753; x_wconf 85' lang='lat' dir='ltr'>spatium:</span> <span class='ocrx_word' id='word_1_101' title='bbox 582 1695 650 1731; x_wconf 84' lang='lat' dir='ltr'>nam</span> <span class='ocrx_word' id='word_1_102' title='bbox 660 1672 1068 1752; x_wconf 82' lang='lat' dir='ltr'>primumquemquenecesse&#39;st</span> 
     </span>
    </p>

    <p class='ocr_par' dir='ltr' id='par_1_13' title="bbox 195 1753 1019 1831">
     <span class='ocr_line' id='line_1_17' title="bbox 195 1753 1019 1831; baseline -0.001 -18"><span class='ocrx_word' id='word_1_103' title='bbox 195 1817 197 1821; x_wconf 65' lang='grc'>,</span> <span class='ocrx_word' id='word_1_104' title='bbox 273 1754 405 1831; x_wconf 86' lang='lat' dir='ltr'>Occupet</span> <span class='ocrx_word' id='word_1_105' title='bbox 416 1757 463 1813; x_wconf 83' lang='lat' dir='ltr'>ille</span> <span class='ocrx_word' id='word_1_106' title='bbox 476 1759 583 1822; x_wconf 86' lang='lat' dir='ltr'>locum,</span> <span class='ocrx_word' id='word_1_107' title='bbox 599 1754 701 1811; x_wconf 89' lang='lat' dir='ltr'>deinde</span> <span class='ocrx_word' id='word_1_108' title='bbox 713 1756 808 1811; x_wconf 88' lang='lat' dir='ltr'>omnia</span> <span class='ocrx_word' id='word_1_109' title='bbox 820 1753 1019 1829; x_wconf 83' lang='lat' dir='ltr'>possideantur.</span> 
     </span>
    </p>

    <p class='ocr_par' dir='ltr' id='par_1_14' title="bbox 318 1833 1024 1912">
     <span class='ocr_line' id='line_1_18' title="bbox 318 1833 1024 1912; baseline 0.003 -21"><span class='ocrx_word' id='word_1_110' title='bbox 318 1835 408 1912; x_wconf 71' lang='lat' dir='ltr'>Quod</span> <span class='ocrx_word' id='word_1_111' title='bbox 421 1836 439 1892; x_wconf 86' lang='lat' dir='ltr'>fi</span> <span class='ocrx_word' id='word_1_112' title='bbox 453 1835 524 1892; x_wconf 89' lang='lat' dir='ltr'>sorte</span> <span class='ocrx_word' id='word_1_113' title='bbox 536 1836 649 1912; x_wconf 84' lang='lat' dir='ltr'>aliquis,</span> <span class='ocrx_word' id='word_1_114' title='bbox 665 1856 729 1892; x_wconf 91' lang='lat' dir='ltr'>cum</span> <span class='ocrx_word' id='word_1_115' title='bbox 745 1854 863 1911; x_wconf 85' lang='lat' dir='ltr'>corpora</span> <span class='ocrx_word' id='word_1_116' title='bbox 876 1833 1024 1903; x_wconf 73' lang='lat' dir='ltr'>dissiluere,</span> 
     </span>
    </p>

    <p class='ocr_par' dir='ltr' id='par_1_15' title="bbox 271 1913 933 1994">
     <span class='ocr_line' id='line_1_19' title="bbox 271 1913 933 1994; baseline -0.008 -20"><span class='ocrx_word' id='word_1_117' title='bbox 271 1913 349 1974; x_wconf 88' lang='lat' dir='ltr'>Tum</span> <span class='ocrx_word' id='word_1_118' title='bbox 364 1931 445 1994; x_wconf 88' lang='lat' dir='ltr'>putat</span> <span class='ocrx_word' id='word_1_119' title='bbox 457 1916 487 1974; x_wconf 89' lang='lat' dir='ltr'>id</span> <span class='ocrx_word' id='word_1_120' title='bbox 500 1917 572 1984; x_wconf 86' lang='lat' dir='ltr'>fieri,</span> <span class='ocrx_word' id='word_1_121' title='bbox 589 1918 655 1993; x_wconf 89' lang='lat' dir='ltr'>quia</span> <span class='ocrx_word' id='word_1_122' title='bbox 669 1917 693 1972; x_wconf 86' lang='lat' dir='ltr'>se</span> <span class='ocrx_word' id='word_1_123' title='bbox 706 1916 867 1973; x_wconf 82' lang='lat' dir='ltr'>condenseat</span> <span class='ocrx_word' id='word_1_124' title='bbox 878 1932 933 1981; x_wconf 81' lang='lat' dir='ltr'>aer,</span> 
     </span>
    </p>

    <p class='ocr_par' dir='ltr' id='par_1_16' title="bbox 272 1993 1061 2071">
     <span class='ocr_line' id='line_1_20' title="bbox 272 1993 1061 2071; baseline -0.001 -17"><span class='ocrx_word' id='word_1_125' title='bbox 272 1999 371 2063; x_wconf 69' lang='lat' dir='ltr'>Errat,</span> <span class='ocrx_word' id='word_1_126' title='bbox 394 2018 460 2054; x_wconf 89' lang='lat' dir='ltr'>nam</span> <span class='ocrx_word' id='word_1_127' title='bbox 474 2019 609 2055; x_wconf 71' lang='lat' dir='ltr'>vacuum</span> <span class='ocrx_word' id='word_1_128' title='bbox 626 2013 684 2054; x_wconf 90' lang='lat' dir='ltr'>tum</span> <span class='ocrx_word' id='word_1_129' title='bbox 698 1999 740 2063; x_wconf 84' lang='lat' dir='ltr'>sit,</span> <span class='ocrx_word' id='word_1_130' title='bbox 754 1997 831 2071; x_wconf 91' lang='lat' dir='ltr'>quod</span> <span class='ocrx_word' id='word_1_131' title='bbox 844 1993 970 2052; x_wconf 83' lang='lat' dir='ltr'>nonfuit</span> <span class='ocrx_word' id='word_1_132' title='bbox 982 2011 1061 2064; x_wconf 77' lang='lat' dir='ltr'>ante3</span> 
     </span>
    </p>

    <p class='ocr_par' dir='ltr' id='par_1_17' title="bbox 252 2075 1014 2234">
     <span class='ocr_line' id='line_1_21' title="bbox 252 2075 1014 2154; baseline -0.001 -20"><span class='ocrx_word' id='word_1_133' title='bbox 252 2100 255 2105; x_wconf 92' lang='lat'>·</span> <span class='ocrx_word' id='word_1_134' title='bbox 273 2080 311 2134; x_wconf 85' lang='lat' dir='ltr'>Et</span> <span class='ocrx_word' id='word_1_135' title='bbox 323 2080 447 2154; x_wconf 89' lang='lat' dir='ltr'>repletur</span> <span class='ocrx_word' id='word_1_136' title='bbox 459 2078 537 2145; x_wconf 89' lang='lat' dir='ltr'>item,</span> <span class='ocrx_word' id='word_1_137' title='bbox 553 2099 694 2137; x_wconf 67' lang='lat' dir='ltr'>vacuum</span> <span class='ocrx_word' id='word_1_138' title='bbox 709 2079 786 2152; x_wconf 89' lang='lat' dir='ltr'>quod</span> <span class='ocrx_word' id='word_1_139' title='bbox 800 2075 920 2135; x_wconf 83' lang='lat' dir='ltr'>constitit</span> <span class='ocrx_word' id='word_1_140' title='bbox 932 2092 1014 2133; x_wconf 85' lang='lat' dir='ltr'>ante:</span> 
     </span>
     <span class='ocr_line' id='line_1_22' title="bbox 276 2157 834 2234; baseline 0.002 -20"><span class='ocrx_word' id='word_1_141' title='bbox 276 2158 337 2215; x_wconf 87' lang='lat' dir='ltr'>Nee</span> <span class='ocrx_word' id='word_1_142' title='bbox 351 2159 398 2214; x_wconf 85' lang='lat' dir='ltr'>tali</span> <span class='ocrx_word' id='word_1_143' title='bbox 412 2161 517 2215; x_wconf 85' lang='lat' dir='ltr'>ratione</span> <span class='ocrx_word' id='word_1_144' title='bbox 530 2157 617 2234; x_wconf 76' lang='lat' dir='ltr'>potest</span> <span class='ocrx_word' id='word_1_145' title='bbox 629 2159 766 2215; x_wconf 79' lang='lat' dir='ltr'>denserier</span> <span class='ocrx_word' id='word_1_146' title='bbox 777 2179 834 2226; x_wconf 89' lang='lat' dir='ltr'>aer,</span> 
     </span>
    </p>

    <p class='ocr_par' dir='ltr' id='par_1_18' title="bbox 273 2237 995 2315">
     <span class='ocr_line' id='line_1_23' title="bbox 273 2237 995 2315; baseline 0.003 -21"><span class='ocrx_word' id='word_1_147' title='bbox 273 2238 346 2305; x_wconf 73' lang='lat' dir='ltr'>Nee,</span> <span class='ocrx_word' id='word_1_148' title='bbox 362 2237 380 2292; x_wconf 87' lang='lat' dir='ltr'>fi</span> <span class='ocrx_word' id='word_1_149' title='bbox 387 2239 448 2312; x_wconf 85' lang='lat' dir='ltr'>jam</span> <span class='ocrx_word' id='word_1_150' title='bbox 462 2238 561 2315; x_wconf 85' lang='lat' dir='ltr'>posset,</span> <span class='ocrx_word' id='word_1_151' title='bbox 577 2238 632 2295; x_wconf 82' lang='lat' dir='ltr'>stne</span> <span class='ocrx_word' id='word_1_152' title='bbox 648 2260 749 2297; x_wconf 72' lang='lat' dir='ltr'>innui</span> <span class='ocrx_word' id='word_1_153' title='bbox 768 2238 866 2314; x_wconf 89' lang='lat' dir='ltr'>posset,</span> <span class='ocrx_word' id='word_1_154' title='bbox 881 2239 995 2315; x_wconf 83' lang='lat' dir='ltr'>opinor,</span> 
     </span>
    </p>

    <p class='ocr_par' dir='ltr' id='par_1_19' title="bbox 273 2317 1064 2536">
     <span class='ocr_line' id='line_1_24' title="bbox 273 2317 1064 2394; baseline 0.008 -21"><span class='ocrx_word' id='word_1_155' title='bbox 273 2317 309 2373; x_wconf 87' lang='lat' dir='ltr'>Se</span> <span class='ocrx_word' id='word_1_156' title='bbox 318 2317 375 2394; x_wconf 86' lang='lat' dir='ltr'>ipse</span> <span class='ocrx_word' id='word_1_157' title='bbox 388 2317 418 2373; x_wconf 90' lang='lat' dir='ltr'>in</span> <span class='ocrx_word' id='word_1_158' title='bbox 431 2317 457 2372; x_wconf 91' lang='lat' dir='ltr'>se</span> <span class='ocrx_word' id='word_1_159' title='bbox 472 2317 588 2383; x_wconf 84' lang='lat' dir='ltr'>trahere,</span> <span class='ocrx_word' id='word_1_160' title='bbox 603 2319 739 2394; x_wconf 86' lang='lat' dir='ltr'>etparteis</span> <span class='ocrx_word' id='word_1_161' title='bbox 751 2319 905 2376; x_wconf 82' lang='lat' dir='ltr'>conducere</span> <span class='ocrx_word' id='word_1_162' title='bbox 918 2322 948 2376; x_wconf 90' lang='lat' dir='ltr'>in</span> <span class='ocrx_word' id='word_1_163' title='bbox 962 2339 1064 2380; x_wconf 83' lang='lat' dir='ltr'>unum.</span> 
     </span>
     <span class='ocr_line' id='line_1_25' title="bbox 276 2398 1007 2474; baseline 0.003 -22"><span class='ocrx_word' id='word_1_164' title='bbox 276 2398 472 2474; x_wconf 71' lang='lat' dir='ltr'>Quapropter,</span> <span class='ocrx_word' id='word_1_165' title='bbox 489 2403 616 2474; x_wconf 87' lang='lat' dir='ltr'>quamvis</span> <span class='ocrx_word' id='word_1_166' title='bbox 629 2398 765 2455; x_wconf 88' lang='lat' dir='ltr'>causando</span> <span class='ocrx_word' id='word_1_167' title='bbox 778 2401 866 2456; x_wconf 88' lang='lat' dir='ltr'>musta</span> <span class='ocrx_word' id='word_1_168' title='bbox 880 2399 1007 2466; x_wconf 88' lang='lat' dir='ltr'>moreris,</span> 
     </span>
     <span class='ocr_line' id='line_1_26' title="bbox 274 2475 987 2536; baseline -0.001 0"><span class='ocrx_word' id='word_1_169' title='bbox 274 2475 336 2536; x_wconf 77' lang='lat' dir='ltr'>Esse</span> <span class='ocrx_word' id='word_1_170' title='bbox 347 2477 379 2533; x_wconf 91' lang='lat' dir='ltr'>in</span> <span class='ocrx_word' id='word_1_171' title='bbox 393 2478 475 2535; x_wconf 79' lang='lat' dir='ltr'>rebus</span> <span class='ocrx_word' id='word_1_172' title='bbox 491 2499 551 2535; x_wconf 73' lang='lat' dir='ltr'>rua</span> <span class='ocrx_word' id='word_1_173' title='bbox 560 2500 599 2535; x_wconf 74' lang='lat' dir='ltr'>rr.</span> <span class='ocrx_word' id='word_1_174' title='bbox 617 2492 706 2535; x_wconf 86' lang='lat' dir='ltr'>tamen</span> <span class='ocrx_word' id='word_1_175' title='bbox 720 2478 820 2536; x_wconf 82' lang='lat' dir='ltr'>fateare</span> <span class='ocrx_word' id='word_1_176' title='bbox 831 2478 933 2535; x_wconf 91' lang='lat' dir='ltr'>necesse</span> <span class='ocrx_word' id='word_1_177' title='bbox 945 2476 987 2535; x_wconf 73' lang='lat' dir='ltr'>ss.</span> 
     </span>
    </p>

    <p class='ocr_par' dir='ltr' id='par_1_20' title="bbox 315 2558 1058 2636">
     <span class='ocr_line' id='line_1_27' title="bbox 315 2558 1058 2636; baseline 0.005 -22"><span class='ocrx_word' id='word_1_178' title='bbox 315 2559 464 2632; x_wconf 84' lang='lat' dir='ltr'>Multaque</span> <span class='ocrx_word' id='word_1_179' title='bbox 477 2573 609 2635; x_wconf 76' lang='lat' dir='ltr'>praterea</span> <span class='ocrx_word' id='word_1_180' title='bbox 623 2558 674 2615; x_wconf 81' lang='lat' dir='ltr'>tibi</span> <span class='ocrx_word' id='word_1_181' title='bbox 689 2558 798 2636; x_wconf 86' lang='lat' dir='ltr'>possum</span> <span class='ocrx_word' id='word_1_182' title='bbox 811 2559 1058 2618; x_wconf 81' lang='lat' dir='ltr'>commemorande</span> 
     </span>
    </p>

    <p class='ocr_par' dir='ltr' id='par_1_21' title="bbox 272 2638 960 2796">
     <span class='ocr_line' id='line_1_28' title="bbox 272 2638 953 2716; baseline 0 -19"><span class='ocrx_word' id='word_1_183' title='bbox 272 2638 460 2716; x_wconf 77' lang='lat' dir='ltr'>Argumenta,</span> <span class='ocrx_word' id='word_1_184' title='bbox 477 2639 560 2697; x_wconf 78' lang='lat' dir='ltr'>sidem</span> <span class='ocrx_word' id='word_1_185' title='bbox 573 2639 663 2706; x_wconf 71' lang='lat' dir='ltr'>dictis,</span> <span class='ocrx_word' id='word_1_186' title='bbox 677 2640 827 2707; x_wconf 80' lang='lat' dir='ltr'>conradere</span> <span class='ocrx_word' id='word_1_187' title='bbox 837 2638 953 2707; x_wconf 69' lang='lat' dir='ltr'>nostris,</span> 
     </span>
     <span class='ocr_line' id='line_1_29' title="bbox 274 2719 960 2796; baseline 0.003 -21"><span class='ocrx_word' id='word_1_188' title='bbox 274 2719 385 2775; x_wconf 87' lang='lat' dir='ltr'>Verum</span> <span class='ocrx_word' id='word_1_189' title='bbox 394 2721 490 2777; x_wconf 85' lang='lat' dir='ltr'>animo</span> <span class='ocrx_word' id='word_1_190' title='bbox 503 2720 565 2778; x_wconf 77' lang='lat' dir='ltr'>satia</span> <span class='ocrx_word' id='word_1_191' title='bbox 577 2720 634 2777; x_wconf 81' lang='lat' dir='ltr'>haec</span> <span class='ocrx_word' id='word_1_192' title='bbox 647 2719 760 2796; x_wconf 75' lang='lat' dir='ltr'>vestigia</span> <span class='ocrx_word' id='word_1_193' title='bbox 773 2740 859 2796; x_wconf 84' lang='lat' dir='ltr'>parva</span> <span class='ocrx_word' id='word_1_194' title='bbox 872 2720 960 2795; x_wconf 84' lang='lat' dir='ltr'>sagaci</span> 
     </span>
    </p>

    <p class='ocr_par' dir='ltr' id='par_1_22' title="bbox 271 2799 954 3034">
     <span class='ocr_line' id='line_1_30' title="bbox 271 2799 954 2874; baseline 0.004 -20"><span class='ocrx_word' id='word_1_195' title='bbox 271 2799 355 2869; x_wconf 85' lang='lat' dir='ltr'>Sunt,</span> <span class='ocrx_word' id='word_1_196' title='bbox 364 2819 423 2874; x_wconf 27' lang='lat' dir='ltr'>,per</span> <span class='ocrx_word' id='word_1_197' title='bbox 434 2819 495 2873; x_wconf 81' lang='lat' dir='ltr'>quae</span> <span class='ocrx_word' id='word_1_198' title='bbox 508 2799 591 2874; x_wconf 77' lang='lat' dir='ltr'>possis</span> <span class='ocrx_word' id='word_1_199' title='bbox 604 2800 765 2874; x_wconf 82' lang='lat' dir='ltr'>cognoscere</span> <span class='ocrx_word' id='word_1_200' title='bbox 777 2814 873 2856; x_wconf 72' lang='lat' dir='ltr'>catera</span> <span class='ocrx_word' id='word_1_201' title='bbox 886 2813 954 2857; x_wconf 88' lang='lat' dir='ltr'>tute.</span> 
     </span>
     <span class='ocr_line' id='line_1_31' title="bbox 272 2877 931 2955; baseline 0.002 -21"><span class='ocrx_word' id='word_1_202' title='bbox 272 2877 402 2952; x_wconf 89' lang='lat' dir='ltr'>Namque</span> <span class='ocrx_word' id='word_1_203' title='bbox 415 2898 493 2934; x_wconf 81' lang='lat' dir='ltr'>canes</span> <span class='ocrx_word' id='word_1_204' title='bbox 505 2892 538 2934; x_wconf 91' lang='lat' dir='ltr'>ut</span> <span class='ocrx_word' id='word_1_205' title='bbox 551 2881 718 2954; x_wconf 75' lang='lat' dir='ltr'>montivagae</span> <span class='ocrx_word' id='word_1_206' title='bbox 732 2879 851 2955; x_wconf 83' lang='lat' dir='ltr'>persaepe</span> <span class='ocrx_word' id='word_1_207' title='bbox 862 2877 931 2942; x_wconf 88' lang='lat' dir='ltr'>serai</span> 
     </span>
     <span class='ocr_line' id='line_1_32' title="bbox 272 2957 924 3034; baseline 0.003 -20"><span class='ocrx_word' id='word_1_208' title='bbox 272 2957 397 3015; x_wconf 84' lang='lat' dir='ltr'>Naribus</span> <span class='ocrx_word' id='word_1_209' title='bbox 409 2957 560 3013; x_wconf 85' lang='lat' dir='ltr'>inveniunt</span> <span class='ocrx_word' id='word_1_210' title='bbox 571 2958 684 3014; x_wconf 78' lang='lat' dir='ltr'>intedas</span> <span class='ocrx_word' id='word_1_211' title='bbox 696 2958 795 3025; x_wconf 83' lang='lat' dir='ltr'>fronde</span> <span class='ocrx_word' id='word_1_212' title='bbox 807 2959 924 3034; x_wconf 83' lang='lat' dir='ltr'>quietes,</span> 
     </span>
    </p>

    <p class='ocr_par' dir='ltr' id='par_1_23' title="bbox 271 3037 906 3114">
     <span class='ocr_line' id='line_1_33' title="bbox 271 3037 906 3114; baseline 0.009 -22"><span class='ocrx_word' id='word_1_213' title='bbox 271 3038 348 3092; x_wconf 87' lang='lat' dir='ltr'>Cum</span> <span class='ocrx_word' id='word_1_214' title='bbox 361 3037 440 3092; x_wconf 88' lang='lat' dir='ltr'>semel</span> <span class='ocrx_word' id='word_1_215' title='bbox 453 3037 613 3095; x_wconf 85' lang='lat' dir='ltr'>institerunt</span> <span class='ocrx_word' id='word_1_216' title='bbox 625 3038 738 3114; x_wconf 81' lang='lat' dir='ltr'>vestigia</span> <span class='ocrx_word' id='word_1_217' title='bbox 752 3053 824 3096; x_wconf 90' lang='lat' dir='ltr'>certa</span> <span class='ocrx_word' id='word_1_218' title='bbox 837 3039 906 3098; x_wconf 83' lang='lat' dir='ltr'>viai:</span> 
     </span>
    </p>

    <p class='ocr_par' dir='ltr' id='par_1_24' title="bbox 272 3116 861 3195">
     <span class='ocr_line' id='line_1_34' title="bbox 272 3116 861 3195; baseline 0.01 -25"><span class='ocrx_word' id='word_1_219' title='bbox 272 3117 320 3189; x_wconf 78' lang='lat' dir='ltr'>Sic</span> <span class='ocrx_word' id='word_1_220' title='bbox 330 3116 390 3177; x_wconf 80' lang='lat' dir='ltr'>alid</span> <span class='ocrx_word' id='word_1_221' title='bbox 400 3136 435 3173; x_wconf 85' lang='lat' dir='ltr'>ex</span> <span class='ocrx_word' id='word_1_222' title='bbox 449 3118 505 3173; x_wconf 85' lang='lat' dir='ltr'>alio</span> <span class='ocrx_word' id='word_1_223' title='bbox 519 3137 571 3194; x_wconf 89' lang='lat' dir='ltr'>per</span> <span class='ocrx_word' id='word_1_224' title='bbox 585 3131 610 3173; x_wconf 90' lang='lat' dir='ltr'>te</span> <span class='ocrx_word' id='word_1_225' title='bbox 624 3133 682 3175; x_wconf 88' lang='lat' dir='ltr'>tute</span> <span class='ocrx_word' id='word_1_226' title='bbox 695 3119 754 3195; x_wconf 87' lang='lat' dir='ltr'>ipse</span> <span class='ocrx_word' id='word_1_227' title='bbox 765 3118 861 3176; x_wconf 79' lang='lat' dir='ltr'>videre</span> 
     </span>
    </p>

    <p class='ocr_par' dir='ltr' id='par_1_25' title="bbox 270 3195 977 3357">
     <span class='ocr_line' id='line_1_35' title="bbox 270 3195 935 3275; baseline 0.014 -21"><span class='ocrx_word' id='word_1_228' title='bbox 270 3195 389 3254; x_wconf 81' lang='lat' dir='ltr'>Talibus</span> <span class='ocrx_word' id='word_1_229' title='bbox 402 3196 433 3251; x_wconf 89' lang='lat' dir='ltr'>in</span> <span class='ocrx_word' id='word_1_230' title='bbox 447 3200 526 3255; x_wconf 86' lang='lat' dir='ltr'>rebus</span> <span class='ocrx_word' id='word_1_231' title='bbox 539 3198 657 3274; x_wconf 85' lang='lat' dir='ltr'>poteris,</span> <span class='ocrx_word' id='word_1_232' title='bbox 672 3198 805 3275; x_wconf 82' lang='lat' dir='ltr'>caecasque</span> <span class='ocrx_word' id='word_1_233' title='bbox 818 3200 935 3263; x_wconf 80' lang='lat' dir='ltr'>latebras</span> 
     </span>
     <span class='ocr_line' id='line_1_36' title="bbox 271 3273 977 3357; baseline 0.008 -24"><span class='ocrx_word' id='word_1_234' title='bbox 271 3273 416 3351; x_wconf 77' lang='lat' dir='ltr'>Infinuare</span> <span class='ocrx_word' id='word_1_235' title='bbox 428 3278 545 3346; x_wconf 76' lang='lat' dir='ltr'>omneis,</span> <span class='ocrx_word' id='word_1_236' title='bbox 561 3293 588 3335; x_wconf 89' lang='lat' dir='ltr'>et</span> <span class='ocrx_word' id='word_1_237' title='bbox 599 3299 697 3336; x_wconf 84' lang='lat' dir='ltr'>rernm</span> <span class='ocrx_word' id='word_1_238' title='bbox 710 3279 871 3357; x_wconf 84' lang='lat' dir='ltr'>protrahere</span> <span class='ocrx_word' id='word_1_239' title='bbox 884 3286 951 3345; x_wconf 81' lang='lat' dir='ltr'>inde</span> <span class='ocrx_word' id='word_1_240' title='bbox 969 3308 977 3345; x_wconf 68' lang='grc' dir='ltr'>ι</span> 
     </span>
    </p>
   </div>
   <div class='ocr_carea' id='block_1_4' title="bbox 214 3355 1065 3512">
    <p class='ocr_par' dir='ltr' id='par_1_26' title="bbox 214 3346 1065 3512">
     <span class='ocr_line' id='line_1_37' title="bbox 214 3355 1051 3510; baseline 0.074 -137"><span class='ocrx_word' id='word_1_241' title='bbox 214 3366 217 3373; x_wconf 95' lang='grc'><em>.</em></span> <span class='ocrx_word' id='word_1_242' title='bbox 313 3356 408 3435; x_wconf 63' lang='lat' dir='ltr'>Q’s</span> <span class='ocrx_word' id='word_1_243' title='bbox 420 3355 439 3414; x_wconf 79' lang='lat' dir='ltr'>fi</span> <span class='ocrx_word' id='word_1_244' title='bbox 450 3355 584 3436; x_wconf 54' lang='lat' dir='ltr'>pigraris,</span> <span class='ocrx_word' id='word_1_245' title='bbox 595 3363 762 3438; x_wconf 74' lang='lat' dir='ltr'>¹pa&#39;ullumue</span> <span class='ocrx_word' id='word_1_246' title='bbox 773 3362 924 3449; x_wconf 82' lang='lat' dir='ltr'>abscesserit</span> <span class='ocrx_word' id='word_1_247' title='bbox 935 3369 970 3427; x_wconf 79' lang='lat' dir='ltr'>ab</span> <span class='ocrx_word' id='word_1_248' title='bbox 984 3391 1030 3510; x_wconf 54' lang='grc' dir='ltr'>Ἦ</span> <span class='ocrx_word' id='word_1_249' title='bbox 1048 3388 1051 3394; x_wconf 86' lang='grc'><strong>’</strong></span> 
     </span>
     <span class='ocr_line' id='line_1_38' title="bbox 265 3471 1065 3512; baseline 0.081 -64"><span class='ocrx_word' id='word_1_250' title='bbox 265 3494 269 3503; x_wconf 31' lang='grc' dir='ltr'>Ι</span> <span class='ocrx_word' id='word_1_251' title='bbox 1031 3471 1065 3512; x_wconf 84' lang='lat' dir='ltr'>oc</span> 
     </span>
    </p>
   </div>
   <div class='ocr_carea' id='block_1_5' title="bbox 0 0 1184 3875">
    <p class='ocr_par' dir='ltr' id='par_1_27' title="bbox 0 0 1184 3875">
     <span class='ocr_line' id='line_1_39' title="bbox 0 0 1184 3875; baseline 0 1"><span class='ocrx_word' id='word_1_252' title='bbox 0 0 1184 3875; x_wconf 95' lang='lat' dir='ltr'> </span> 
     </span>
    </p>
   </div>
  </div>
 </body>
</html>
