2359 3875
310 426 499 497 muru
541 420 835 495 rrurruo
922 441 961 510 71

217 551 308 611 Noscere
319 572 348 612 ut
360 556 426 613 hinc
437 556 529 633 postis,
545 575 602 612 non
617 575 706 631 aequao
716 552 811 609 omnia
822 545 925 624 paneis

216 632 317 710 Corpora
329 636 442 703 haberer
459 656 549 710 neque
562 656 597 691 ex
611 654 689 709 aequo
702 633 800 689 fulcire
813 631 944 685 salutem:

141 707 145 728 ¹
215 710 334 793 Sedmagis
347 716 415 783 huc,
431 718 507 773 venti
521 738 580 793 quae
595 717 669 781 suut,
685 714 824 787 calidique
836 706 950 783 vaporis

215 791 309 863 Semina,
322 818 416 854 curare
429 798 459 852 in
473 798 608 852 membris
621 810 653 851 ut
666 795 723 849 vita
735 806 870 848 moretur.

214 869 246 926 Est
254 875 330 951 igitur
342 879 428 942 calor,
442 896 474 933 ac
487 890 586 933 ventur
597 875 690 932 viralis
703 873 804 949 inipso
855 885 860 898 ·

214 950 327 1030 Corpore,
341 959 390 1033 qui
406 958 489 1014 nobis
501 955 684 1013 moribundos
697 953 796 1010 deserit
808 966 896 1008 artus.

243 1037 422 1114 Quapropter,
437 1032 605 1112 quoniam'st
616 1036 705 1091 animi
719 1050 818 1091 natura
831 1041 952 1105 reperta,

212 1109 286 1189 Atque
294 1120 399 1184 animae,
411 1117 486 1193 quad
497 1136 559 1192 paro
567 1114 707 1172 hominis:
721 1113 803 1170 redde
810 1105 967 1168 harmoniai

213 1190 298 1252 Nomen
310 1200 343 1254 ab
356 1199 488 1274 organico
503 1196 568 1252 saltu
582 1195 706 1251 delatum
719 1194 881 1258 Heliconis;

213 1271 259 1329 Sive
269 1277 376 1335 aliunde
385 1278 436 1353 ipfi
450 1295 536 1353 porro
547 1290 670 1341 traicerer
687 1274 757 1331 etin
771 1274 848 1329 iliam

212 1348 410 1423 inuiderunt,
424 1357 609 1433 proprioquae
620 1369 678 1410 tum
686 1374 727 1411 res
736 1354 850 1409 nomine
858 1351 966 1428 egebat.

215 1431 335 1510 Quicquid
346 1437 430 1504 idest,
443 1435 576 1492 habeant:
593 1435 640 1491 Tu
653 1452 746 1491 caetem
755 1434 869 1509 percipe
882 1431 965 1488 diota.

214 1509 276 1571 Nunc
286 1518 422 1584 animum,
437 1530 519 1590 atquc
532 1512 883 1591 animam-dicoconjundh
897 1514 984 1572 teneri

160 1643 164 1650 .
216 1589 273 1649 luter
284 1596 316 1663 ie,
330 1614 411 1675 atque
422 1617 506 1653 unam
516 1610 645 1651 naturam
653 1596 784 1652 conficere
797 1614 831 1651 ex
841 1595 882 1651 se:

215 1668 251 1727 Sed
261 1694 335 1753 caput
348 1676 397 1733 eise
409 1676 496 1752 quasi,
511 1690 537 1731 ct
549 1676 694 1733 dominari
708 1676 739 1732 in
752 1694 870 1752 corpore
883 1692 942 1737 toto

216 1748 354 1823 confilium,
369 1756 448 1834 quod
467 1776 518 1812 nos
530 1757 670 1823 animum,
691 1770 866 1838 mentemque
886 1779 968 1818 voca·

274 1857 345 1895 mus:

215 1905 281 1989 quue
293 1918 372 1976 situm
385 1919 478 1977 media
492 1918 603 1996 regione
616 1918 647 1974 in
661 1915 776 1995 pedoris
788 1916 882 1976 haerct.

214 1987 253 2050 Hic
261 1999 371 2066 exsultat
380 2001 456 2055 enim
467 2019 566 2076 pavor,
579 2019 609 2055 ac
619 2015 718 2064 metum
732 1998 968 2060 haeclocacircum

213 2066 300 2136 Laeritiae
313 2083 451 2146 mulcent3
469 2079 515 2134 hic
529 2098 595 2156 ergo
607 2099 684 2137 mens
696 2080 860 2154 animusque
870 2075 909 2136 Ἡ.

212 2150 295 2216 Cetera
308 2181 372 2238 paro
385 2160 485 2217 auimae
497 2179 549 2235 per
559 2174 648 2216 totum
659 2159 747 2215 diffita
760 2178 859 2236 corpus

211 2228 287 2305 Paret3
303 2241 377 2297 etad
389 2260 495 2297 numen
509 2241 622 2306 mentis,
638 2260 802 2315 momenque
816 2258 960 2300 movetur:

209 2308 279 2392 Jdque
290 2321 337 2377 fibi
350 2321 438 2378 solum
452 2339 503 2396 ptr
515 2319 539 2374 sc
553 2320 633 2396 sapit,
649 2335 675 2376 et
687 2320 735 2377 fibi
750 2322 865 2398 gaudet:

207 2391 266 2456 Cum
285 2421 374 2478 neque
395 2420 437 2457 reo
450 2400 584 2466 animam,
599 2419 687 2476 neque
700 2421 800 2478 corpus
814 2422 970 2462 commovet

271 2484 341 2539 ulia.

203 2554 232 2615 Et
241 2562 322 2637 quafi,
337 2581 404 2617 cum
416 2577 500 2637 caput
513 2562 680 2627 amoenius,
696 2577 816 2619 tentante
828 2564 937 2630 dolore,

202 2635 314 2700 Laeditur
327 2642 358 2697 in
376 2641 468 2707 uobis,
482 2660 540 2697 nou
553 2642 634 2697 omni
648 2644 857 2699 concruciamur

200 2719 334 2800 Corpore:
348 2722 382 2777 fic
396 2721 505 2777 animus
514 2740 717 2797 nonuunquam
731 2723 838 2778 laeditur
847 2721 916 2799 ipse,

199 2798 356 2877 Latitiaque
368 2801 460 2878 viget3
477 2821 539 2857 cum
550 2816 644 2857 caetera
654 2822 717 2878 pars
729 2803 831 2858 animai

198 2881 244 2940 Per
255 2885 392 2948 membra,
408 2896 488 2956 atque
498 2896 572 2937 artus
581 2883 659 2938 nulla
672 2883 794 2940 novitate
808 2883 906 2942 cietur.

197 2961 300 3020 Verum
306 2960 515 3020 ubivehemcnti
522 2961 650 3037 magisest
657 2979 874 3022 commotametu
883 2985 970 3038 meur,

197 3044 356 3102 Consentire
369 3043 490 3098 animam
504 3056 588 3096 totam
602 3062 653 3118 per
666 3045 790 3101 membra
804 3045 946 3104 videmus:

196 3123 309 3181 Sudoccs
322 3124 426 3197 itaque,
442 3138 468 3178 et
480 3123 615 3198 pallorem
624 3123 738 3180 existere
751 3136 809 3178 toto

196 3204 336 3282 Corpore,
353 3218 379 3259 ct
392 3201 510 3278 infringi
523 3203 667 3278 linguam3
686 3221 836 3277 vocemque
847 3207 970 3274 aboriri3

197 3285 323 3361 Caligare
335 3283 447 3347 oculos3
465 3282 556 3338 sonere
566 3284 672 3348 aureis3
690 3282 827 3342 succidere
840 3300 928 3343 artur.

235 3363 364 3439 Denique
377 3361 520 3420 concidere
532 3381 566 3418 ex
579 3363 668 3419 animi
682 3377 782 3420 terrore
795 3365 920 3421 videmur

900 3442 985 3523 Sene·
