2359 3875
298 427 345 497 60
455 420 924 496 [nucitum

296 553 356 612 Nec
367 550 507 627 congrella
519 552 604 609 modo
615 553 723 611 vitaleis
733 554 915 611 convenienti

295 632 427 689 Contulit
438 631 512 691 inter
524 632 549 689 se
562 642 666 701 fnotus,
678 635 782 710 quibus
790 635 980 694 omnituentes

297 712 412 770 Accenfi
423 712 512 776 sensus
522 714 690 771 animantem
699 735 839 791 quamque
854 728 979 772 tuentur.
1051 725 1055 729 ’

339 794 474 850 Praeterm
484 794 615 869 quamvis
627 796 797 853 animantem
809 794 945 871 grandior
954 792 1038 861 idus,

297 874 394 949 Quam
407 874 513 948 patitur
524 889 635 942 natura.
651 891 763 951 repente
773 874 894 951 adfligit,
908 890 935 930 et
947 874 1058 942 omneis.

297 954 446 1029 Corporis,
469 968 550 1030 atque
563 956 651 1013 animi
665 956 757 1032 pergit
769 954 941 1012 confundere
954 954 1059 1024 sensum

296 1030 495 1092 Diffolvuntur
506 1036 581 1092 enim
595 1035 722 1111 politura
736 1034 962 1112 principiorum
1055 1099 1057 1104 ,

298 1115 335 1169 Et
343 1114 456 1191 penitus
466 1128 558 1171 motus
570 1117 666 1173 vitales
678 1115 889 1191 impediuntur;

295 1194 395 1251 Donec
406 1194 529 1253 materies
541 1215 638 1253 omnes
650 1194 777 1253 conculsa
790 1215 841 1270 per
853 1211 930 1253 artus

297 1276 420 1333 Vitaleis
433 1276 533 1334 animae
546 1277 636 1334 nodos
648 1296 663 1333 e
675 1295 793 1352 corpore
806 1275 899 1343 solvit,

295 1356 508 1432 Disperlamque
522 1354 593 1416 foras
608 1378 657 1433 per
665 1358 755 1413 caulas
766 1355 842 1432 ejicit
854 1356 976 1413 omneis.

294 1438 369 1493 Nam
382 1436 452 1510 quid
466 1452 596 1513 praterea
608 1436 694 1495 lacere
703 1436 789 1492 ilium
802 1434 877 1513 polle
889 1457 1000 1495 reamur

296 1515 446 1581 Oblatum,
462 1517 512 1574 nist
525 1516 674 1585 discutere,
689 1516 872 1573 acdillolvere
885 1516 1026 1592 quaeque?

339 1597 361 1651 F
363 1595 385 1651 it
398 1614 520 1671 quoque,
537 1598 579 1656 uti
590 1595 693 1654 soleant
706 1597 800 1652 minus
813 1598 907 1655 oblato
916 1594 1079 1656 acriteridu

248 1723 250 1727 ,
296 1675 433 1749 Reliquiae
443 1691 536 1734 motus
549 1677 640 1736 vitalis
652 1678 763 1734 vincere
772 1677 853 1752 sape,
908 1729 910 1734 .

295 1755 428 1821 Vincere,
443 1770 469 1812 et
483 1758 621 1833 ingenteis
634 1760 723 1835 plage
737 1757 827 1813 sedate
839 1757 987 1825 tumultun,

295 1836 385 1909 Inque
399 1836 459 1894 suos
469 1837 606 1913 quicquid
619 1838 712 1895 rursus
726 1856 853 1895 revocare
865 1851 982 1905 mentua,

295 1916 331 1972 Et
341 1915 414 1990 quafi
423 1917 482 1992 jam
494 1917 562 1974 lethi
576 1918 767 1977 dominantem
780 1918 810 1976 in
824 1938 943 1994 corpote
956 1934 1066 1980 motum

294 1996 446 2062 Diseutere,
462 2019 492 2055 ac
507 2019 587 2074 poene
598 1997 708 2057 amillos
721 1999 866 2058 accendere
877 1999 980 2058 sensus.

292 2077 379 2144 Nam,
390 2098 473 2154 quare
487 2080 582 2155 potius
596 2079 665 2136 lethi
672 2081 732 2156 jam
744 2079 844 2138 limine
857 2079 967 2156 abipso

292 2157 342 2214 Ad
354 2158 441 2215 vitam
454 2159 556 2234 pollint
569 2159 691 2217 conleela
704 2173 795 2217 mente
808 2161 921 2226 reuerti,

296 2240 393 2312 Quam
406 2259 464 2313 quo
476 2239 621 2297 decursum
633 2259 723 2316 prope
730 2241 790 2315 jam
803 2236 859 2304 fiet,
873 2240 925 2306 ire.
940 2256 966 2297 et
973 2241 1075 2303 abire?

336 2318 479 2384 Praeterea,
495 2321 628 2392 quoniam
637 2319 719 2377 dolor
732 2318 767 2376 el}
777 2320 827 2378 ubi
837 2322 965 2380 materiai

290 2398 421 2472 Corpora
431 2399 462 2453 vi
475 2398 597 2471 quadam
611 2399 775 2476 perviscera
788 2400 861 2466 viva.
876 2420 927 2477 per
938 2419 1016 2461 artua

291 2476 444 2533 Sollicitata
455 2477 507 2535 suis
518 2479 660 2556 trepidant
672 2481 704 2539 iu
717 2479 824 2538 sedibus
838 2481 927 2539 intus:

293 2557 383 2632 Inque
393 2557 488 2616 locum
497 2559 609 2634 quando
619 2559 1072 2644 remigrant‚litblandavoluptas:

290 2636 366 2694 Scire
377 2639 454 2706 licet,
467 2641 547 2697 nullo
560 2641 715 2717 primordia
729 2639 805 2718 polle
813 2641 911 2701 dolore

292 2717 426 2784 Tentari3
450 2721 613 2797 nullamque
626 2723 799 2797 voluptatem
810 2740 908 2796 capere
920 2745 955 2781 ex
969 2725 1010 2785 le:

291 2798 531 2874 Quandoquidem
544 2821 604 2858 non
614 2801 680 2858 lunt
691 2822 727 2858 ex
738 2803 803 2859 ullis
817 2804 1028 2881 principiorum

290 2876 480 2953 Corporibus,
494 2899 616 2953 quorum
630 2896 722 2938 motus
733 2883 858 2941 novitate
870 2885 1016 2953 laborent3
1043 2928 1046 2935 .

290 2955 353 3013 Aut
366 2957 488 3032 aliquem
501 2959 620 3018 faunum
631 2964 744 3036 capiant
754 2962 914 3038 dulcedinis
923 2967 1013 3024 alma.

289 3035 372 3093 Haud
387 3037 475 3112 igitur
484 3038 585 3098 debent
598 3041 721 3099 'elleullo
735 3042 850 3118 predita
861 3043 949 3105 sensu.

315 3126 318 3129 ’
333 3116 472 3192 Denique,
488 3122 530 3178 uti
542 3122 645 3199 polluit
657 3121 756 3179 sentire
767 3123 899 3183 animalia
910 3145 1040 3203 quaque,

288 3193 441 3273 Principiis
454 3200 472 3256 fi
485 3205 568 3260 etiam
581 3200 610 3259 'll
623 3202 713 3261 sensus
726 3203 890 3261 tribuendus
902 3225 1020 3265 eorum:
1096 3254 1099 3259 .

289 3274 391 3350 Quid?
411 3298 495 3354 genus
515 3281 671 3341 humanum
686 3284 839 3360 propritim
857 3283 892 3342 de
904 3285 1072 3362 quibn'fac-

414 3357 529 3421 turult?
894 3414 896 3419 .
981 3392 1010 3423 ·.

963 3447 1072 3507 Scilicet
