2359 3875
205 412 268 480 rra
368 399 844 477 munitum

200 542 236 595 Et
244 542 334 617 jacere
346 537 492 595 humorem
505 538 658 595 couleslurn
671 536 702 593 in
715 538 833 612 corpora
846 552 979 611 quaquc3

200 622 260 677 Nec
274 620 391 675 retinere
405 619 485 675 semel
498 618 663 675 conversum
676 618 761 674 unius
772 636 878 683 amore,

198 700 236 755 Et
247 700 351 755 servare
361 699 408 755 fibi
418 718 523 765 curam,
540 713 701 772 certumque
711 697 851 753 dolorem.

200 780 289 837 Ulcus
302 779 377 834 enirn
390 779 514 844 vivescit,
529 796 555 833 ct
569 777 739 835 inveterascit
752 776 864 841 alendo,

200 862 291 935 Inque
304 858 363 915 dies
376 857 465 935 gliscit
478 858 570 924 furor,
581 872 663 932 atque
676 876 799 913 arumna
813 855 959 931 gravescit,

199 941 228 997 Si
242 958 299 995 non
314 939 406 1015 prima
419 939 501 995 novis
511 939 659 994 conturbes
668 938 783 1015 volnera
797 937 898 1013 plagis,
979 943 981 947 ’

199 1019 411 1095 volgivagaque
422 1038 507 1095 vagus
522 1018 633 1075 Venere
642 1031 705 1074 ante
716 1017 836 1072 recentia
848 1034 937 1084 cures,

199 1100 262 1156 Aut
274 1100 331 1155 alio
345 1097 427 1175 pollis
439 1098 525 1154 animi
540 1098 681 1154 traducere
695 1110 800 1152 motus.
979 1105 981 1110 '

241 1180 301 1236 Nec
314 1180 434 1236 Veneris
446 1177 537 1235 sruclu
550 1178 666 1244 caretis,
681 1177 731 1252 qui
745 1176 815 1232 vitat
827 1196 965 1234 amorem:

199 1260 251 1319 Sed
262 1260 367 1336 potins,
382 1278 442 1335 quae
453 1258 516 1315 sunt
526 1258 579 1313 srne
594 1278 686 1333 poena,
701 1257 847 1313 commoda
860 1256 957 1314 sumit.

197 1344 272 1399 Nam
282 1356 365 1405 certa,
381 1355 407 1395 et
419 1359 489 1415 pura
503 1338 539 1394 est
552 1338 622 1393 sanis
636 1337 724 1413 magis
736 1336 802 1392 inde
815 1338 957 1415 voluptas,

197 1423 294 1499 Q'pam
307 1419 428 1485 miseris3
446 1419 548 1475 etenim
563 1416 696 1493 potiundi
709 1430 836 1492 ternpore
849 1416 953 1494 inipso

198 1499 326 1558 Flusluat
334 1500 446 1556 incertis
461 1500 601 1555 erroribus
614 1497 698 1554 ardor
709 1512 870 1553 amantum:

196 1584 256 1638 Nec
269 1579 371 1636 conflat
384 1578 455 1654 quid
468 1578 594 1654 primum
612 1576 711 1645 oculis,
726 1576 908 1656 manibusque
920 1578 980 1640 fru-

279 1674 371 1717 antur.
494 1679 496 1683 ⁴

199 1740 288 1820 Quod
301 1741 404 1817 petiere
417 1755 550 1816 premunt
562 1738 642 1804 arde,
660 1738 821 1815 faciuntque
833 1739 960 1798 dolorem

197 1821 345 1898 Corporis,
361 1834 387 1876 et
396 1821 502 1877 denteis
514 1820 639 1877 inlidunt
653 1820 721 1895 saepe
735 1819 851 1887 labellis,

198 1902 353 1977 Osculaque
366 1900 504 1978 adfigunt,
518 1900 586 1976 quia
599 1920 656 1957 nou
670 1900 705 1957 ell
718 1920 790 1978 pura
803 1902 951 1978 voluptas:

198 1987 234 2040 Et
247 1983 350 2040 stimuli
364 1982 486 2048 subsunt,
501 1982 549 2054 qui
564 1980 694 2057 inlligant
706 1981 801 2039 laedere
813 1981 951 2057 idipsum,

186 2063 397 2142 'Quodcunque
408 2061 455 2129 eil,
468 2061 555 2118 rabies
565 2062 640 2118 unde
650 2060 703 2117 illae
713 2063 838 2138 germina
851 2061 978 2138 surgunt.

197 2146 249 2204 Sed
260 2143 357 2200 leviter
369 2161 465 2219 poenas
476 2140 579 2216 frangit
593 2142 691 2197 Venus
704 2143 777 2198 inter
789 2146 922 2209 amorem,

199 2224 361 2298 Blandaque
373 2222 498 2279 refraenat
510 2222 614 2278 morsus
627 2221 740 2278 admista
749 2223 886 2298 voluptas.

146 2331 149 2336 ¹
199 2307 328 2379 Namque
338 2303 367 2356 in
378 2321 409 2357 eo
423 2301 480 2378 spes
489 2299 536 2366 est,
552 2297 658 2357 unde'll
672 2301 779 2358 ardoris
791 2302 882 2376 origo,

198 2382 347 2457 Rellingui
356 2377 587 2456 quoquepoffeab
595 2381 989 2457 eodcmcorporeflammam-

198 2462 287 2540 Quod
298 2461 356 2518 lieri
366 2477 461 2516 contra
473 2470 564 2516 coram
577 2476 675 2518 natura
687 2477 837 2538 repugnat:

199 2545 318 2617 Unaque
331 2561 372 2598 res
385 2540 443 2596 haec
452 2540 499 2606 cll,
513 2541 712 2617 quoiusquam
727 2542 819 2617 pluria
833 2541 977 2609 habemur,

196 2624 269 2680 Tam
282 2622 369 2698 magis
381 2621 495 2678 ardescit
507 2621 568 2678 dira
579 2622 738 2698 cuppedine
751 2621 858 2697 peslut.

195 2706 269 2761 Nam
279 2703 368 2768 cibus,
378 2716 459 2777 atque
468 2699 574 2758 humor
582 2702 714 2758 membris
724 2701 877 2759 adsumitur
889 2704 975 2770 intus,

196 2779 641 2935 ffissflllssllttillllslf
651 2781 955 2942 lllllzlss‘clln
984 2897 988 2905 .

196 2944 240 2998 Ex
253 2940 375 2998 hominis
389 2959 454 2995 vero
467 2936 547 3006 facie,
563 2940 850 3017 pulchroquccolore,

195 3023 247 3080 Nil
260 3020 385 3075 daturin
399 3037 502 3094 corpur
514 3035 614 3094 praeter
630 3021 771 3078 simulacra
783 3021 935 3082 fruendum

197 3099 326 3163 'Tenuia,
341 3118 402 3172 quae
412 3112 495 3155 vento
510 3098 569 3173 spes
582 3116 674 3175 raptat
682 3101 751 3177 saepe
764 3092 881 3160 misella.
965 3126 967 3131 ·

196 3182 238 3240 Ut
251 3179 344 3235 bibere
357 3179 387 3234 in
402 3179 504 3235 somnis
516 3179 606 3234 sitiens
619 3200 704 3255 quom
715 3183 824 3257 quaerit,
839 3199 866 3238 ct
874 3183 978 3244 humor

198 3264 265 3322 Non
276 3257 368 3325 datur,
379 3258 506 3315 ardorem
513 3259 542 3314 in
550 3261 740 3336 membrisqui
748 3262 884 3339 stinguere
890 3265 982 3343 possin

195 3341 248 3400 Sed
261 3337 376 3398 laticum
390 3339 528 3398 fimulacra
541 3341 623 3417 petit,
639 3337 792 3418 frustraque
805 3345 924 3415 loborat,

940 3427 975 3484 Ia
