2359 3875
136 398 258 507 'tr
356 411 397 485 τ.
440 411 829 488 incurrit

197 539 327 617 Effugere
339 562 373 597 ex
392 541 483 610 omni,
498 538 701 619 quicquam'st:
726 562 815 619 neque
828 543 934 610 rursus,
950 543 980 601 in
1012 620 1016 627 ,

280 640 362 679 omne
859 678 862 683 .
939 680 941 684 ,

199 702 284 761 Unde
297 718 392 762 coorta
404 719 488 777 queat
498 722 573 763 nova
584 703 627 762 vis
640 703 814 781 irrumperea
831 720 858 761 et
869 723 981 763 omnem

199 784 338 841 Naturam
348 804 442 840 rerum
455 798 575 852 mutare,
591 799 619 842 et
631 800 733 842 vertere
745 799 851 842 motus.

241 863 320 919 Illud
332 864 363 920 in
377 862 420 921 his
433 866 515 923 rebus
527 885 585 922 non
599 864 634 922 cll
644 864 784 931 mirabile,
799 886 898 940 quare,

200 943 307 1001 Omnia
317 964 383 999 cum
394 964 489 1002 rerum
499 944 657 1023 primordia
671 944 723 1002 fint
734 945 765 1000 in
779 962 871 1012 motu,

199 1024 313 1080 Summa
324 1038 414 1083 tamen
427 1025 534 1082 summa
546 1025 675 1082 videatur
687 1023 754 1081 llaec
766 1026 877 1100 qniete;

197 1104 397 1179 Praeterquam,
412 1104 430 1162 fi
444 1105 513 1180 quid
528 1106 647 1182 proprio
658 1104 705 1161 dat
717 1124 835 1181 corpore
848 1122 954 1164 motus.

200 1183 304 1241 Omnis
314 1186 389 1243 enim
402 1187 485 1261 longe
496 1184 597 1242 nostris
610 1186 644 1245 ab
659 1185 776 1253 senfibus
789 1184 864 1242 infra

199 1265 359 1322 Prinrorum
369 1271 468 1323 natura
475 1268 562 1342 jacet:
585 1282 758 1343 quapropter
771 1265 820 1321 ubi
830 1266 879 1323 illa

201 1346 324 1403 Cernere
331 1347 389 1423 jam
396 1364 526 1422 nequeas,
538 1361 747 1422 motusquoque
757 1344 868 1421 surpere
874 1347 986 1405 debent:

155 1433 157 1441 ’
199 1426 353 1500 Praesertim
363 1435 512 1501 cum‚'quae
526 1425 658 1502 poffimus
670 1443 790 1492 cernere,
804 1426 895 1484 celent

199 1506 275 1581 Saepe
288 1522 378 1561 tamen
391 1520 492 1584 motus,
508 1506 596 1581 spatio
608 1503 721 1562 didueta
734 1506 880 1565 locorum.

202 1587 276 1641 Nam
291 1586 360 1662 saepe
373 1586 404 1642 in
416 1586 482 1643 colli
497 1585 639 1642 tondentes
649 1586 752 1661 pabula
761 1587 823 1642 laeta

200 1664 343 1741 Lanigerae
356 1678 467 1742 reptant
479 1664 610 1742 pecudes,
620 1685 676 1741 quo
689 1686 828 1741 quamque
841 1682 972 1726 vocantes

200 1746 328 1802 Invitant
338 1744 430 1802 herbae
441 1759 611 1821 'gemmantes
624 1765 688 1802 rore
701 1746 821 1803 recenti:

201 1826 238 1881 Et
248 1824 336 1883 >satiati
349 1827 414 1902 agni
435 1826 550 1892 ludunt,
565 1825 721 1899 blandeque
733 1824 889 1886 coniscantt

202 1904 309 1964 Omnia
321 1926 384 1980 quie
394 1907 476 1963 nobis
485 1907 567 1983 longe
580 1904 695 1963 confusa
708 1905 857 1975 videntum

201 1988 238 2042 Et
247 1987 334 2044 veluti
348 1987 380 2044 in
393 1987 482 2045 viridi
494 1986 599 2044 candor
611 1985 750 2043 eonfistere
760 1988 838 2045 colli.

201 2068 336 2135 Praeterea
345 2088 452 2145 magun
465 2068 587 2144 legiones
601 2087 666 2124 cnm
676 2067 737 2123 loca
746 2066 829 2125 cursu

202 2149 380 2222 Campanum
393 2149 546 2223 complent,
563 2147 627 2203 belli
640 2147 781 2202 {imulacra
793 2150 914 2215 cientesa

203 2228 239 2282 Et
252 2228 479 2284 circumvolitant
491 2227 608 2302 equites,
624 2225 782 2301 mediosque
795 2245 907 2306 repente

201 2307 410 2374 Transmittunt
424 2306 517 2363 valido
528 2308 682 2380 quatientes
695 2306 799 2382 impete
808 2328 941 2386 campos;

201 2388 309 2463 Fulgur
320 2386 362 2442 ibi
373 2386 408 2442 ad
422 2387 523 2443 coelum
535 2386 560 2443 lc
573 2385 661 2450 tollit3
686 2401 797 2461 totaque
809 2392 918 2447 circum
946 2423 948 2426 <

203 2467 265 2523 AEre
280 2465 425 2522 renidescit
438 2468 533 2533 tellus3
550 2466 696 2540 subterque
705 2466 800 2523 virum
813 2473 844 2526 vi

205 2548 324 2604 Excitor
338 2546 455 2622 pedibus
467 2546 590 2611 sonitum
615 2546 790 2621 clamoreque
802 2559 915 2606 montes

203 2627 255 2682 itti
269 2627 395 2704 rejedlant
407 2647 487 2685 voces
500 2628 534 2684 ad
547 2627 634 2683 fiderat
646 2627 762 2682 mundi:

202 2710 238 2765 Et
248 2725 339 2764 tamen
347 2708 383 2764 cst
395 2709 511 2787 quidam
520 2710 598 2764 locus
610 2707 672 2762 altis
682 2707 838 2775 montibus,
853 2709 929 2765 unde

203 2793 279 2846 Stare
292 2789 414 2854 videtur,
427 2804 455 2843 et
468 2789 498 2844 in
509 2787 615 2863 campis
629 2786 770 2843 conlillere
781 2788 890 2865 fulgur.

246 2871 330 2924 Nunc
337 2887 386 2942 age
388 2869 447 2942 jam
457 2868 588 2943 deinceps
596 2866 757 2923 cundtasum
766 2869 880 2926 exordia
888 2889 993 2936 rerum,

204 2948 307 3024 Qualia
318 2948 382 3012 lint*
394 2961 420 3001 et
432 2966 517 3022 quam
530 2949 612 3023 longe
622 2946 754 3004 'distantia
762 2949 872 3016 formis,

205 3027 330 3102 Percipe‚
346 3027 507 3102 multigenis
516 3031 600 3102 quarn¹
610 3027 661 3083 lint
674 3029 779 3085 variata
789 3030 901 3105 figuris:

202 3111 270 3166 Non
280 3107 356 3181 quod
367 3110 453 3164 multa
466 3127 566 3183 parum
580 3107 662 3167 limili
674 3107 855 3185 lintpraedjta
868 3108 971 3176 forma,

204 3188 257 3246 Sed
271 3188 407 3263 quianon
418 3190 501 3264 volgo
516 3186 593 3264 paria
602 3186 981 3247 omnibusomniaconssant.
1010 3224 1013 3229 -

203 3272 263 3326 Nec
275 3270 397 3325 mirum:
421 3288 485 3324 narn
499 3288 567 3327 cum
579 3267 718 3324 fiteornm
735 3270 819 3347 copia
832 3285 919 3338 tanta,

204 3348 245 3408 Ut
256 3368 344 3426 neque
359 3348 433 3418 bnis,
448 3349 491 3407 uti
503 3347 601 3421 docui,
614 3366 705 3426 neque
718 3347 825 3412 summa
840 3350 872 3408 fit
881 3352 957 3407 ulla:

255 3441 257 3445 ’
875 3430 986 3491 Debent
