2359 3875
287 416 496 488 ιιιιιιι
525 412 835 519 ocurrunt
915 436 979 509 ¹33

197 545 395 622 Conspergunt
404 563 474 612 ιιιι
487 540 654 621 adolentque
665 539 763 601 alteria
774 541 871 609 doots
971 583 980 594 .
1059 558 1062 566 ’

188 624 238 680 ,Ut
251 626 380 701 gravidas
394 620 510 684 reddant
522 645 621 683 uxoreo
634 625 738 682 semiue
749 626 843 700 largo:

196 704 500 781 Nequirquamdsvum
512 725 628 774 numen,
635 703 928 795 sorteisquesatigant

196 784 270 842 Nam
284 785 389 843 slerilet
401 787 523 844 nimium
536 786 622 844 casso
634 787 698 843 suut
710 783 943 922 semiueffipenim
1044 837 1046 844 ,

198 864 235 920 Et
248 865 361 941 liquido
375 866 594 943 preterjullum,
601 865 740 959 'tenuique
749 864 867 921 ricim

194 943 305 1013 Tenue
320 944 388 1003 lucis
400 947 535 1023 quianon
547 947 624 1023 potis
635 945 672 1002 esl
685 946 803 1022 adfigere
813 941 971 1010 adhesum

196 1022 331 1100 liquitur
342 1028 493 1104 externplo,
508 1042 534 1082 ct
547 1040 708 1083 revocatum
721 1026 933 1082 cedirnbortu:

201 1105 323 1163 Craslius
337 1104 391 1162 hoc
405 1124 501 1182 porro,
516 1106 811 1181 quoniamconcretiot
821 1123 901 1181 aequo

199 1185 342 1252 Mittiturr
366 1202 414 1243 out
427 1205 484 1243 oon
498 1197 562 1243 tam·
570 1186 685 1279 prolixo
697 1187 827 1263 provolat
840 1183 915 1250 issu·

198 1269 259 1322 Aut
276 1282 419 1341 penetrare
431 1268 505 1324 locus
518 1286 595 1344 reque
602 1282 717 1341 nequit
734 1280 782 1321 aut
790 1277 978 1340 penetratum

200 1346 281 1423 AEgre
294 1345 461 1402 admiscetur
472 1346 602 1403 muliebri
612 1346 717 1402 semine
730 1345 833 1400 semen.
879 1383 882 1390 -

182 1452 185 1455 >
200 1426 274 1481 Nem·
287 1428 412 1482 multum
422 1415 573 1482 hermoniae
583 1423 819 1490 Venerisdifferre
831 1422 983 1481 videntur·

201 1507 296 1581 Atque
310 1507 377 1561 aliar
386 1506 433 1561 alii
448 1508 592 1582 complent
605 1508 703 1597 mugit,
717 1525 751 1561 ex
762 1504 875 1581 aliisrrue

201 1585 364 1662 Suscipiunt
376 1586 437 1641 aliae
450 1591 560 1663 pondus
573 1586 674 1662 magis,
688 1586 776 1661 inque
787 1583 961 1663 gravesctmt.

201 1665 235 1720 Et
249 1667 346 1722 multe
358 1664 460 1722 steriles
474 1665 637 1744 Hymeuaeie
650 1680 713 1722 ante
723 1664 839 1723 suerunt

201 1745 344 1810 Pluribus,
358 1758 387 1800 et
397 1737 487 1802 nabe·
494 1744 556 1822 posl
570 1746 632 1804 sunt
643 1762 744 1812 ιιιιιιιι,
757 1746 831 1802 unde
843 1742 950 1823 puellot

201 1824 353 1900 Suscipere
365 1840 392 1880 et
405 1840 489 1901 partu
501 1826 609 1902 possent
621 1826 749 1891 ditescere
758 1825 850 1881 dulci.

203 1904 246 1972 Et,
262 1905 365 1982 quibus
373 1922 435 1962 ante
443 1906 520 1962 domi
534 1904 668 1963 soecundae
682 1905 750 1982 serpe
760 1903 913 1982 nequissent
930 1972 934 1978 ι

203 1985 310 2044 Uxores
326 2005 431 2061 parere,
447 1984 591 2042 invenu'st
605 1988 662 2043 illis
674 2006 786 2063 quoque
797 2005 913 2060 compar

201 2066 317 2130 Natura,
334 2081 365 2120 ut
379 2064 487 2140 possent
500 2067 571 2122 natis
583 2068 694 2124 munire
707 2065 849 2122 senesiam.

205 2145 296 2222 Usque
308 2146 376 2202 adeo
390 2148 483 2222 magui
497 2145 588 2211 refert
606 2161 637 2204 ut
649 2145 750 2202 semina
764 2144 865 2221 possut

202 2225 361 2282 Seminibus
374 2227 545 2282 commisceri
560 2228 719 2300 genitaliter
730 2241 806 2301 apta,

203 2303 350 2379 Crassaque
358 2321 525 2362 conveniant
535 2307 662 2380 liquidis,
677 2321 702 2361 et
717 2304 822 2380 liquida
835 2304 933 2374 crassis,

203 2384 490 2463 Qpaequoijunsla
465 2405 526 2442 viro
541 2385 682 2442 stsemina
695 2406 745 2462 per
760 2386 877 2444 Venerit
890 2406 948 2443 ιιι

202 2466 295 2540 Atque
308 2464 376 2521 adeo
385 2463 478 2531 resert,
491 2485 548 2538 quo
564 2465 677 2520 visio
651 2483 708 2522 vita
719 2468 836 2522 colatur.

202 2545 329 2620 Namque
342 2544 402 2602 aliis
416 2544 496 2600 rebus
505 2545 683 2601 concrescunt
695 2544 797 2603 semina
808 2546 956 2612 membris‚.

201 2625 294 2699 Atque
306 2624 370 2680 aliis
381 2638 578 2688 extenuantur,
595 2626 742 2700 tabentque
754 2623 883 2679 viciffim.

204 2705 238 2760 Et
247 2705 350 2778 quibus
361 2703 419 2779 ipsa
432 2705 522 2760 modis
534 2704 662 2760 trasletur
674 2701 775 2760 blanda
786 2705 927 2779 voluptas,

204 2785 237 2841 ld
248 2803 361 2861 quoque
373 2787 517 2861 permagni
532 2785 626 2840 resert:
650 2804 715 2840 ιιιιιι
729 2801 804 2839 more
816 2782 949 2850 serarum,

202 2863 481 2942 Quadrupedumque
491 2865 576 2940 tnagis
587 2865 655 2931 ritu,
669 2866 832 2939 plerumque
844 2880 981 2940 putantur·

201 2944 358 3018 Concipere
368 2962 478 3010 uxores,
491 2945 557 3018 quia
572 2945 606 2999 fic
619 2946 679 3001 loca
693 2943 795 3002 sumere
808 2944 920 3020 poffunt

200 3023 359 3081 Pesloribus
371 3023 476 3099 positis,
492 3023 604 3080 sublatis
616 3025 719 3082 semina
730 3026 847 3082 lumbis.

200 3104 257 3161 Nec
272 3103 368 3159 molles
381 3123 442 3179 opu
445 3100 528 3159 suut
542 3121 634 3162 motus
647 3104 783 3161 uxoribus
795 3103 899 3164 hilum.

199 3183 273 3240 Nam
287 3183 388 3239 mulier
417 3182 526 3240 cohibet
536 3184 560 3240 se
569 3185 724 3260 concipere,
739 3199 820 3259 atque
829 3203 984 3265 repugnat,

199 3263 338 3321 Clunibut
351 3204 448 3338 ips2
393 3284 478 3321 aviri
469 3263 626 3322 Venerem
640 3266 658 3320 si
671 3267 729 3320 laeta
740 3265 879 3324 retrallet:

200 3344 293 3422 Atque
306 3343 460 3403 exossato
437 3360 491 3403 ciet
503 3364 583 3404 omui
575 3343 705 3422 pellore
718 3341 827 3404 fluetus.

908 3425 985 3485 sitit
