2359 3875
116 544 120 553 Ι
197 450 241 517 aa
317 444 829 519 *neocaesar

117 572 123 583 ’
196 581 260 638 Vix
271 582 402 639 animalia
413 601 500 657 parva
512 597 595 648 creat,
609 602 670 657 quae
683 582 780 640 cunila
791 583 899 640 creavit

196 662 290 728 Saecla,
305 661 437 736 deditque
450 661 570 719 serarum
583 664 709 739 ingentia
722 683 839 740 corpora
851 677 949 739 partu.

196 742 284 797 Haud
299 740 340 812 (ut
351 743 464 818 opinor)
480 743 555 797 enim
569 745 698 800 mortalia
712 744 786 801 saecla
800 745 918 821 superne
967 764 971 772 ·

197 822 293 878 Aurea
305 822 339 877 de
353 823 421 878 coelo
434 821 625 881 demisrtsunis
639 825 669 879 in
682 845 763 889 arva3

196 902 256 957 Nec
266 921 351 968 mare,
366 922 415 957 nec
429 901 528 958 fluctus
542 905 701 978 plangentes
715 905 775 960 saxa
788 916 935 962 crearunt:

145 1007 148 1012 ·
197 981 250 1037 Sed
265 982 361 1057 genuit
375 984 456 1038 tellus
469 982 574 1047 eadem,
587 1004 647 1057 quae
660 1004 736 1040 nunc
749 986 800 1040 alit
813 1006 848 1041 ex
858 986 896 1041 se.

197 1062 331 1119 Praeterea
344 1061 446 1118 nitidas
459 1062 562 1138 fruges,
578 1064 725 1138 vinetaque
738 1067 798 1120 laeta

198 1143 303 1218 Sponte
317 1142 364 1199 sua
378 1143 504 1217 primum
518 1144 682 1199 mortalibus
692 1143 752 1219 ipsa
762 1147 883 1214 creavit3

197 1223 263 1298 Ipsa
275 1224 352 1279 dedit
364 1224 468 1279 dulceis
478 1223 569 1290 foetus,
583 1238 609 1278 et
623 1225 724 1297 pabula
737 1224 810 1280 laeta:

198 1304 271 1380 Quae
283 1325 359 1361 nunc
369 1305 418 1359 vix
431 1302 523 1360 noslro
537 1302 718 1379 grandescunt
730 1304 807 1360 ausla
820 1308 929 1367 labore:

197 1384 428 1459 conterimusque
441 1385 534 1449 boves,
549 1398 575 1438 et
587 1384 660 1438 vires
673 1384 875 1458 agricolarum:

197 1465 371 1521 Conficimus
383 1468 489 1520 serrum
503 1464 551 1520 vix
561 1464 636 1519 arvis
649 1463 835 1540 suppeditati:

103 1558 106 1563 '
197 1545 292 1619 Usque
305 1545 372 1601 adeo
385 1560 502 1620 pereunt
513 1543 605 1608 foetus,
620 1559 774 1619 augentque
787 1548 904 1605 labores.

190 1627 314 1700 Jamque
327 1640 410 1700 caput
421 1622 546 1697 quassans
559 1623 671 1699 grandis
685 1624 800 1699 suspirat
814 1640 905 1684 arator

198 1705 331 1761 Crebrius
346 1702 477 1761 incassum
491 1722 625 1779 maguum
638 1703 762 1760 cecidisse
775 1706 915 1764 laborem:

198 1787 234 1841 Et
248 1804 312 1840 curn
328 1799 451 1859 tempora
465 1784 637 1860 temporibus
651 1784 794 1858 presentia
806 1785 914 1845 confert

196 1865 345 1923 Praeteritis
356 1887 364 1929 3
377 1864 470 1920 laudat
482 1863 607 1920 fortunas
620 1863 687 1940 sape
700 1866 835 1940 parentis:

196 1948 341 2022 Etcrepat‚
356 1947 502 2021 antiquum
518 1965 602 2021 genus
615 1959 646 2000 ut
659 1945 759 2020 pietate
774 1948 913 2023 repletum
954 1991 956 1995 -

197 2026 333 2085 Perfacile
345 2027 465 2102 angustis
479 2025 601 2083 tolerarit
614 2025 717 2081 finibus
730 2047 836 2091 avume

199 2111 274 2165 Cum
289 2108 381 2164 minor
393 2107 455 2163 esset
467 2107 527 2182 agri
537 2107 627 2161 multo
639 2105 740 2161 modus
752 2123 813 2162 ante
823 2108 949 2167 viritim:

197 2191 257 2245 Nec
271 2203 352 2253 tenet,
368 2188 463 2244 omnia
478 2185 622 2262 paullatim
638 2186 779 2251 tabescere,
795 2202 820 2242 et
833 2189 874 2245 ire

200 2270 246 2325 Ad
257 2269 402 2344 scopulum
414 2268 503 2345 spatio
517 2266 602 2326 atatis
614 2263 713 2324 defessa
726 2267 845 2325 vetusto.
