2359 3875
85 176 189 344 Γ

324 435 802 513 LIBERSEXTUS.
905 461 968 509 eor

187 575 337 651 Quocum
350 573 475 638 conruit,
490 570 548 628 lraee
558 571 653 628 cadem
668 570 710 627 vis
724 570 801 627 illius
815 566 901 634 aellus,

188 655 344 730 Relliquias
358 654 421 710 vitre
437 652 570 709 membris
583 671 618 706 ex
631 652 762 708 omnibus
775 651 877 706 aufert.

187 726 975 811 Quippeetenimprimoqualiquendamconcietaelluurr-

184 814 324 871 Pollcrius
334 814 377 880 fit,
393 815 436 869 uti
449 832 514 869 curn
523 814 582 887 jam
594 811 716 868 cecidere
729 812 831 867 veneni

186 895 224 949 In
238 894 339 953 fonteis
353 894 438 969 ipsos,
454 892 494 949 ibi
505 892 535 947 srt
548 911 661 966 quoque
670 894 727 947 vita
740 890 888 956 vomendo,

184 974 339 1050 Propterea
350 973 426 1048 quod
439 991 539 1047 magna
553 972 619 1027 mali
634 972 664 1027 bt
677 974 759 1048 copia
769 972 886 1028 circum.

228 1055 271 1110 Fit
279 1073 391 1131 quoque
399 1051 577 1110 utinterdum
584 1055 626 1108 vis
634 1050 970 1127 hec,atqueaellusAvcr·

265 1136 309 1201 ui,

182 1213 272 1282 Aera,
288 1215 339 1289 qui
353 1212 425 1269 inter
437 1215 511 1270 avcis
526 1210 668 1289 cunque'll
684 1230 838 1287 terramque
852 1214 967 1281 locatur,

184 1295 335 1358 Dilcutiat,
353 1313 440 1369 prope
455 1296 495 1350 uti
509 1296 585 1351 locus
598 1294 665 1350 hinc
678 1296 821 1369 linquatur
835 1293 943 1349 inanis:

184 1376 275 1450 Cujus
287 1374 338 1430 ubi
351 1375 490 1449 eregione
503 1375 559 1431 loci
574 1395 673 1432 venere
687 1374 832 1438 volenteis,

182 1455 331 1511 Claudicat
340 1456 482 1530 extemplo
498 1474 656 1530 pennarum
671 1454 747 1510 nisus
760 1453 869 1518 inanis;

182 1535 365 1591 Etcouamcn
379 1534 509 1607 utrinque
522 1536 628 1590 alarum
640 1535 773 1609 proditur
782 1552 876 1588 omne.

181 1616 239 1671 Hic
252 1615 303 1671 ubi
316 1612 414 1669 uidori
429 1630 581 1689 nequeunt,
599 1616 770 1689 iulillereque
785 1615 844 1679 alis,

182 1696 296 1752 Scilicet
310 1695 341 1749 in
355 1709 454 1749 terram
468 1695 560 1749 delabi
576 1694 702 1769 pondere
716 1695 791 1770 cogit

180 1777 308 1839 Natura3
325 1789 351 1828 et
364 1794 483 1829 vacuum
498 1793 587 1849 prope
600 1776 656 1850 jam
672 1796 720 1850 per
734 1776 950 1850 inancjacentcs

180 1856 355 1931 Dispergunt
369 1854 474 1909 animas
489 1874 538 1930 per
550 1858 641 1910 caulas
653 1857 779 1929 eorporis
789 1860 907 1912 omneis.

225 1935 370 2012 Frigidior
384 1955 468 2009 porro
482 1935 511 1990 in
526 1936 619 2010 puteis
633 1936 717 1991 aellate
729 1936 760 1992 lit
774 1935 887 2002 humor,

181 2016 306 2073 Rarcscit
319 2016 385 2089 quia
400 2030 471 2070 terra
482 2017 585 2079 calore,
601 2031 627 2070 et
641 2016 743 2072 semina
758 2017 830 2089 liquo

179 2098 260 2152 forte
274 2093 488 2171 vaporislrabet,
505 2115 623 2170 propere
637 2096 794 2150 dimittitin
807 2115 899 2149 auras.

185 2177 253 2253 Quo
267 2176 354 2250 magis
364 2174 399 2230 est
414 2176 499 2249 igitur
512 2178 590 2231 tellus
603 2174 696 2230 offella
708 2179 808 2240 calore,

180 2257 243 2313 Hoc
258 2256 289 2312 lit
301 2254 443 2330 frigidior,
459 2256 551 2329 quiin
563 2252 663 2310 terra'll
675 2256 797 2321 abditus,
814 2254 932 2313 humor.

181 2337 294 2414 Frigore
308 2356 371 2390 cum
386 2337 525 2410 premitur
536 2355 623 2410 porro
636 2337 728 2392 omnis
739 2353 820 2403 terro,
836 2339 958 2414 coitque,

182 2418 217 2472 Et
227 2415 300 2492 quafi
314 2414 475 2477 conc1·elcit·,
494 2415 524 2471 fit
534 2416 646 2482 scilicet,
663 2433 693 2472 ut
706 2418 831 2473 coeundo

181 2497 329 2572 Exprimat
342 2495 371 2550 in
386 2511 493 2570 puteos,
509 2496 612 2570 fiquem
627 2499 698 2572 gerit
710 2498 778 2572 ipsa,
798 2502 928 2555 calorem.

224 2576 269 2632 Ell
283 2575 358 2652 apud
372 2576 523 2631 Ammonis
536 2575 633 2632 fanum
647 2576 708 2632 fons
719 2581 780 2633 luce
793 2579 895 2633 diurna

181 2656 320 2733 Frigidus,
335 2669 362 2710 at
375 2654 478 2710 calidus
491 2655 625 2712 nodurno
640 2671 762 2732 tempore
775 2655 877 2712 fertur:

179 2739 264 2794 Hunc
276 2735 404 2791 homines
418 2733 522 2791 fontem
536 2736 621 2791 nimis
634 2736 817 2799 admirentur,
832 2750 858 2790 et
870 2738 926 2793 acri

179 2820 240 2874 Sole
250 2829 351 2893 putant
365 2814 457 2869 subter
471 2815 704 2872 terrasfervilcere
719 2816 832 2892 raptim,

178 2899 243 2954 Nox
259 2895 306 2953 ubi
321 2894 439 2950 terribili
455 2910 537 2957 terras
549 2895 666 2970 caligine
680 2896 763 2953 texit:

179 2977 268 3054 Quod
281 2975 365 3030 nimis
377 2995 392 3028 a
405 2971 501 3030 vera'll
514 2975 596 3049 louge
607 2979 712 3032 ratione
726 2994 879 3037 remotum:

180 3057 302 3134 Quippe
318 3053 366 3110 ubi
380 3053 419 3108 sol
433 3053 541 3109 nudum
554 3056 723 3113 contrectans
736 3079 838 3136 corpus
851 3061 943 3138 aquei,

177 3138 246 3193 Non
256 3136 361 3211 quierit
374 3133 495 3190 calidum
508 3134 607 3210 lupera
619 3135 653 3191 de
663 3135 774 3194 reddere
787 3156 877 3215 parte,

177 3217 253 3272 Cum
267 3217 398 3288 superum
408 3215 504 3270 lumen
518 3228 593 3270 tanto
606 3214 714 3271 lervore
726 3215 851 3276 fruatur:

178 3296 241 3372 Qui
251 3308 331 3369 queat
345 3291 391 3349 hic
405 3293 496 3349 subter
509 3309 565 3350 tam
578 3294 663 3351 crallo
677 3315 794 3375 corpore
810 3315 921 3366 terram,

176 3376 349 3449 Pcrcoquere
362 3372 518 3441 humorem,
534 3389 560 3429 et
572 3375 663 3432 calido
676 3376 777 3435 sociare
791 3380 914 3455 vapori?

562 3455 579 3512 S
807 3458 967 3519 helerium.
