2359 3875
217 410 827 484 ernnrsecuruun
883 436 923 499 μ

160 543 189 599 Et
199 544 324 623 Phrygio
339 543 460 600 stimulat
473 562 593 600 numero
606 564 672 600 cava
686 544 755 600 tibia
770 542 901 606 mentone

157 622 271 700 Telaque
286 640 456 701 preportant
468 624 587 680 violenti
602 624 675 700 figna
688 623 811 688 furoris;

157 696 277 780 Ingratos
288 706 408 770 animos,
424 719 505 778 atque
519 704 609 779 impia
623 703 733 780 pedore
746 704 824 779 volgi

155 784 315 841 Conterrere
326 801 402 840 metu
413 805 473 858 quae
487 783 588 859 poffint
599 786 716 840 numine
730 784 819 840 Divae.

189 867 266 940 Ergo
280 886 347 923 curn
362 866 490 939 primum
504 883 617 939 magnas
626 864 733 921 invedie
744 884 793 940 per
805 864 899 920 urbeis

138 943 298 1003 ,Munificat
308 948 391 1002 tacita
404 946 544 1001 mortaleis
558 961 636 1000 muta
650 944 748 1000 salute:

152 1024 208 1080 AEre
222 1042 306 1101 atque
320 1040 433 1101 argento
447 1025 637 1081 sternunt-iter
649 1045 731 1081 omne
745 1025 864 1092 viarum,

152 1103 287 1181 Largifica
298 1105 367 1182 stipe
381 1105 517 1170 ditantes;
535 1105 714 1181 ninguntque
724 1105 848 1162 rosarum

151 1185 290 1249 Floribus.
300 1187 460 1241 umbrantes
468 1186 598 1250 Matrem,
607 1187 795 1259 comitumque
802 1203 934 1242 catervas.

151 1265 203 1321 Hie
218 1282 323 1322 armata
336 1287 433 1322 manus
448 1264 572 1335 (Curetas
585 1268 698 1328 nomine
712 1266 791 1339 Graij

152 1347 231 1423 Quos
245 1362 402 1402 memorant
416 1345 563 1423 Phrygios]
575 1346 647 1400 inter
657 1345 682 1400 se
698 1344 769 1400 forre
779 1360 884 1400 catenas

150 1425 279 1494 Ludunt,
295 1429 327 1484 in
339 1446 544 1502 numerumque
558 1424 707 1493 exsultant,
722 1425 853 1502 sanguine
866 1423 934 1491 leti,

231 1524 258 1565 tt

149 1590 298 1647 Terrificas
312 1593 438 1667 capitum
452 1591 730 1666 quatientesnumine
745 1589 852 1648 cristas:

151 1670 266 1727 Didaeos
280 1669 403 1727 referunt
417 1673 550 1728 Curetas:
566 1671 703 1746 quiJovis
718 1673 802 1728 illum

150 1750 288 1828 Vagitum
301 1753 330 1807 in
343 1753 426 1808 Creta
439 1752 580 1827 quondam
595 1751 738 1808 occulteffe
753 1753 896 1818 ferunture

151 1834 222 1887 Cum
234 1833 318 1907 pueri
332 1833 437 1889 circum
450 1852 571 1907 puerum
586 1832 699 1909 pernice
710 1832 810 1889 chorea

150 1914 262 1969 Armati
274 1912 303 1968 in
313 1932 462 1970 numerum
475 1913 614 1988 pulsarent
626 1914 724 1970 aeribue
735 1936 799 1980 nra,

150 1994 190 2048 Ne
204 1994 342 2050 Saturnus
355 2014 418 2050 eum
431 1995 510 2050 maiis
524 1995 666 2050 mandaret
686 1995 813 2071 adeptus,

151 2074 348 2148 AEternumque
358 2074 434 2130 duret
447 2075 534 2131 Matri
542 2075 594 2130 sub
609 2074 718 2150 pedore
733 2079 841 2131 volnus.

151 2152 300 2229 Propterea
313 2155 445 2230 Magnam
455 2155 553 2211 armati
564 2156 682 2211 Matrem
695 2158 881 2214 comitantur:

151 2233 209 2288 Aut
222 2233 289 2308 quia
299 2234 452 2309 fignificant
463 2235 567 2291 Divarn
578 2235 738 2311 predicere,
755 2239 890 2306 marmio,

153 2313 195 2369 Ac
209 2315 315 2370 virtute
329 2316 416 2370 velint
432 2316 550 2390 patriam
563 2314 710 2372 defendere
724 2333 841 2384 terram3

152 2393 334 2468 Presidioque
348 2410 458 2470 parent,
468 2395 617 2471 decorique
631 2399 794 2472 parentibus
807 2399 869 2456 effe.

196 2476 270 2550 Quae
280 2475 360 2540 bene,
371 2491 399 2530 et
411 2475 515 2531 eximie
524 2478 653 2551 quamvis
663 2477 691 2533 di
696 2478 784 2554 sposta
793 2479 929 2548 ferantur,

153 2551 247 2630 Longe
262 2554 323 2611 sunt
334 2571 424 2612 tamen
436 2576 452 2611 a
462 2577 527 2612 vera
540 2558 647 2613 ratione
660 2560 780 2634 repulsa.

192 2635 296 2692 Omnis
311 2638 386 2692 enim
397 2656 448 2711 per
460 2636 485 2691 se
499 2636 600 2692 divum
613 2653 713 2693 natura
726 2637 861 2696 neceffe'ss

153 2714 307 2777 Immorteli
321 2736 390 2782 evo,
403 2716 507 2773 summa
520 2737 584 2773 cum
600 2737 667 2792 pace
680 2717 801 2786 fruatur,

153 2794 258 2859 Sernota
270 2817 286 2853 a
297 2795 395 2853 nostrie
409 2799 500 2862 rebus,
517 2797 689 2873 sejuneiaque
699 2801 795 2874 longe.

154 2875 224 2932 Nam
236 2876 347 2951 privata
360 2876 456 2932 dolore
465 2878 556 2943 omni,
574 2879 820 2956 privata-periclis,
882 2899 884 2905 '

152 2954 210 3031 ipsa
225 2956 280 3021 suis
294 2958 402 3032 pollens
414 2959 532 3033 opibu3,·
544 2958 617 3014 nihil
627 2959 839 3036 indigaznostri,

156 3035 210 3091 Nec
221 3037 291 3101 bene
306 3037 465 3112 promeritis
475 3040 654 3114 capitur‚nec
669 3044 794 3116 tangitur
806 3043 858 3100 ira.
910 3096 912 3103 ,

195 3116 284 3174 Terra
297 3117 412 3192 quidem
427 3136 492 3174 vero
506 3135 578 3175 caret
590 3121 668 3176 omni
683 3136 806 3196 tempore
818 3123 912 3182 sensu:

153 3196 201 3254 Sed
215 3198 285 3272 quiq
296 3198 447 3254 multarum
457 3201 567 3273 potitur
577 3199 733 3275 primordia
747 3221 851 3271 rerum,

152 3275 241 3333 Multa
250 3277 341 3335 enodis
352 3279 449 3335 multis
460 3276 538 3335 effert
549 3281 581 3336 in
597 3281 704 3337 lumina
717 3280 793 3338 solie.

152 3355 206 3414 Hic
217 3356 235 3412 fi
245 3357 308 3432 quis
317 3376 394 3417 mere
403 3359 580 3435 Neptunum,
594 3362 779 3437 Cereremque
793 3382 892 3421 voenre

520 3438 568 3504 Et
786 3440 953 3501 noemma
