2359 3875
321 391 817 471 irrueremus,
919 395 985 492 -1'5-
1028 507 1030 514 Ι

227 526 354 604 Corpora
365 528 428 586 sunt
440 548 525 605 porro
536 530 641 605 partim
667 529 825 607 primordia
837 548 945 596 rerum,

184 603 288 664 Partim
302 610 497 684 concilioque
510 610 633 666 constant
648 611 868 687 principiorum.

184 685 236 742 Sed
247 704 310 761 quae
319 688 383 743 sunt
391 708 483 745 rerum
497 690 665 764 primordia,
681 692 758 746 nulla
770 688 856 765 potest
868 691 913 747 vit

184 764 338 842 Stringere3
352 789 417 824 nam
430 769 517 825 solido
529 770 648 825 vincunt
661 789 692 825 ea
703 789 822 845 corpore
833 769 962 827 demum:

184 846 221 900 Et
232 845 375 903 fidifficile
383 847 434 904 elle
446 848 559 905 videtur
571 848 677 905 credere
690 850 839 924 quicquam

184 926 221 982 Iu
231 928 314 983 rebus
328 925 416 983 solido
428 928 547 1003 reperiri
560 947 677 1004 corpore
692 927 783 1004 polle3

182 1003 293 1062 Tranlit
306 1007 384 1063 enim
395 1005 504 1064 fulmen
516 1008 579 1063 coeli
593 1027 643 1083 per
652 1008 725 1082 septa
734 1007 894 1073 domorum,

185 1086 299 1142 Clamor
308 1101 352 1152 ut,
366 1105 505 1143 atroces:
528 1086 633 1143 ferrum
647 1086 782 1143 candescit
794 1108 823 1142 rn
838 1089 917 1163 igne:

183 1164 381 1239 Diffiliuntque
390 1165 448 1222 lero
458 1166 590 1222 ferventia
604 1167 664 1223 laxa
678 1187 797 1242 vapore:

185 1243 422 1301 Conlabefallatus
436 1248 513 1321 rigor
525 1246 587 1301 auri
602 1246 717 1301 solvitur
731 1247 810 1303 ullu:

183 1324 260 1380 Tum
272 1324 371 1399 glacies
381 1326 440 1382 aeris
453 1326 565 1381 flamma
578 1324 684 1381 devicti
698 1325 838 1400 liquescit:

184 1405 330 1460 Permanat
343 1406 580 1480 calorargentum‚
597 1406 791 1480 penetraleque
803 1406 900 1480 frigus.

187 1484 311 1562 Quando
322 1499 482 1558 utrumque,
495 1504 578 1539 manu
590 1486 737 1540 retinentes
748 1487 846 1559 pocula
859 1486 921 1555 rite,

184 1564 321 1621 Sensimus
335 1562 426 1618 infuso
439 1562 620 1639 lympharum
630 1583 692 1621 rore
703 1564 836 1639 superner

185 1645 278 1719 Usque
292 1643 362 1699 adeo
375 1644 406 1697 in
419 1644 498 1699 rebus
508 1643 588 1699 solidi
599 1644 673 1698 nihil
687 1642 737 1699 elle
749 1645 869 1700 videtur.

184 1724 236 1781 Sed
250 1724 318 1797 quia
331 1742 396 1778 vera
410 1738 499 1778 tamen
513 1725 595 1789 ratio,
611 1738 763 1797 naturaque
778 1744 870 1780 rerum

185 1803 282 1879 Cogit,
298 1804 372 1868 ades,
389 1802 485 1877 paucis
496 1802 566 1859 dom
577 1804 696 1859 verfibus
709 1803 896 1878 expediamus,

185 1882 244 1940 Esse
257 1902 299 1950 ea,
314 1902 376 1958 quae
386 1881 483 1950 solido,
498 1897 578 1958 atque
587 1898 690 1938 aeterno
701 1901 819 1958 corpore
827 1883 959 1950 constent.

184 1965 293 2020 Semina
302 1983 363 2037 quae
377 1983 480 2028 rerum,
496 1962 704 2037 primordiaque
716 1963 765 2017 elle
774 1964 919 2020 docemus:

186 2045 268 2102 Unde
281 2043 374 2098 omnis
387 2062 480 2097 rerum
489 2062 564 2098 nunc
577 2042 692 2097 eomllet
703 2042 807 2096 summa
821 2056 919 2097 creata.

227 2122 376 2197 Principio
386 2122 519 2196 quoniam
531 2121 639 2196 duplex
651 2136 749 2176 natura
758 2120 880 2176 duarum

185 2203 332 2259 Diffimilis
343 2222 435 2257 rerum
448 2203 528 2276 longe
540 2200 661 2257 constare
674 2194 822 2275 repertast,

185 2282 322 2359 Corporis
331 2296 412 2356 atque
423 2283 487 2347 loct,
499 2300 540 2336 res
552 2281 583 2336 in
597 2300 653 2355 quo
667 2298 782 2355 quaeque
791 2295 939 2355 geruntur;

184 2362 245 2419 Effe
259 2377 403 2434 utramque
417 2360 464 2415 fibi
478 2380 528 2434 per
538 2359 575 2426 le,
590 2360 746 2434 puramque
758 2357 904 2415 neceffe'st.

183 2445 257 2500 Nam
274 2459 440 2515 quacunque
457 2455 534 2495 vacat
548 2440 679 2515 spatium,
695 2439 771 2514 quod
785 2440 866 2495 inane
881 2459 961 2498 voct-

310 2540 388 2586 mus3

185 2604 317 2657 Cornus
332 2619 363 2655 ea
376 2619 434 2656 non
448 2599 500 2655 est:
516 2621 569 2674 qua
579 2622 663 2677 porro
672 2622 782 2675 cunque
792 2615 865 2656 tenet
877 2601 903 2655 se

185 2682 308 2756 Corpus,
325 2699 355 2735 ea
367 2699 487 2736 vacuum
499 2700 673 2755 nequaquam
687 2681 790 2737 constat
802 2681 897 2735 inane.

184 2760 255 2816 Sunt
264 2760 352 2835 igitur
364 2759 463 2824 solida,
484 2780 515 2814 ac
529 2761 582 2815 fine
596 2761 672 2815 inani
683 2781 799 2836 corpora
813 2762 917 2835 prima.

227 2842 360 2896 Praeterea
373 2841 507 2914 quoniam
522 2841 621 2914 genitis
635 2841 665 2894 in
679 2842 759 2896 rebus
770 2835 895 2905 inaue'st,

186 2920 332 2976 Materiem
346 2919 451 2974 circum
466 2919 579 2976 solidam
589 2920 709 2975 constare
721 2915 870 2976 necelle'll:

185 3000 245 3055 Nec
259 3018 300 3055 res
312 3000 372 3054 ulla
383 2997 470 3073 potest
483 3019 546 3054 vera
559 3015 665 3055 ratione
676 3002 790 3075 probari

187 3080 317 3154 Corpore
328 3079 409 3133 inane
419 3078 575 3143 innodare,
589 3095 669 3153 atque
682 3082 756 3134 intus
770 3079 884 3143 habere3

185 3158 215 3215 Si
228 3178 298 3224 non,
310 3159 388 3232 quod
397 3155 518 3224 cohibet,
534 3159 654 3215 solidum
667 3159 786 3215 constare
799 3160 951 3235 relinquat.

185 3238 220 3293 Id
232 3257 319 3314 porro
332 3237 406 3292 nihil
416 3238 467 3293 elle
478 3238 573 3312 potest,
588 3239 640 3293 niti
655 3239 778 3294 materiai

187 3317 363 3386 Concilium,
379 3317 455 3393 quod
469 3319 644 3394 intorqueat
656 3338 748 3376 rerum
760 3317 899 3376 cohibere.

601 3397 624 3457 B
637 3413 653 3461 t
853 3395 974 3455 nunni
